3164 5154
518 267 593 322 LlB.
615 266 638 320 I.
659 268 774 324 15-17.

616 500 713 567 XVI.

364 663 616 752 ‚VERITAS
644 661 953 741 HISTORICA.

183 824 317 916 Quam
343 823 487 923 lingua
514 823 661 915 suavis,
691 822 832 916 dulcia,
863 821 1062 911 amabilis,
1160 837 1210 894 fol.
1230 837 1271 892 7‘·

185 931 301 1023 Quae
328 930 493 1006 veritati
520 931 743 1031 posthabet
769 928 928 1006 omnia!

238 1037 535 1136 Quodcumque
564 1036 804 1114 commisere
831 1060 962 1136 reges,

288 1144 469 1220 Prodere
495 1169 574 1220 nec
604 1143 765 1219 dubitat
791 1168 869 1218 nec
897 1149 1014 1220 errat.

183 1286 372 1362 Immane
401 1285 556 1361 crimen
584 1284 752 1360 destitui
779 1284 876 1358 fide!

181 1392 287 1467 Belli
316 1417 526 1493 supremos
555 1392 624 1491 qui
651 1399 854 1468 memorat
882 1392 1017 1481 duces,

240 1499 390 1576 Clades
417 1498 579 1599 iniquas
606 1524 659 1574 ne
686 1499 896 1589 recondat,

288 1605 520 1706 Ambiguos
547 1605 699 1681 referat
725 1605 965 1705 triumphos,

182 1749 416 1847 Numquam
437 1748 597 1823 dolosas
617 1750 878 1824 concelebret
900 1748 1089 1849 strophas

182 1855 269 1930 Nec
297 1855 418 1929 tollat
447 1855 567 1930 astris
596 1855 722 1956 impia
749 1856 926 1945 foedera,

234 1962 296 2037 Ne
324 1961 559 2037 blandiatur
585 1963 787 2062 pertinaci

288 2066 377 2143 Aut
404 2068 551 2168 cupido
580 2067 719 2144 faveat
746 2076 935 2168 tyranno,

183 2211 245 2285 Ne
268 2210 380 2285 dicat
399 2235 594 2309 umquam
623 2211 811 2303 eandida,
833 2234 938 2309 quae
956 2210 1086 2310 nigra,

183 2317 407 2392 Pulchrum
436 2324 508 2393 aut
527 2318 704 2394 colorem
724 2317 909 2418 turpibus
930 2317 1085 2408 affluat,

237 2422 319 2499 Sed
347 2430 507 2515 cuncta,
538 2424 644 2500 siout
669 2429 789 2523 gesta
815 2423 943 2516 novit,

288 2527 460 2606 Asserat
486 2531 690 2632 intrepido
719 2531 872 2630 vigore.

182 2672 369 2747 Tandem
396 2675 599 2773 patebunt
628 2673 785 2748 omnia:
816 2671 965 2747 fabulis

180 2775 268 2854 Aut
294 2779 416 2854 laude
444 2778 548 2855 falsa
574 2780 715 2855 ludere
745 2779 814 2878 qui
841 2779 964 2872 volet,

234 2885 349 2961 Inter
374 2893 520 2986 poetas
549 2893 767 2962 censeatur

286 2992 515 3067 Plurimum
543 2995 595 3068 ab
624 2992 796 3087 historia
824 2999 1017 3067 remotus.

597 3398 712 3463 XVII.

310 3560 481 3638 DlVlNl
508 3560 715 3638 AMORIS
743 3559 1008 3638 DULCEDO.

177 3737 341 3838 Flagro,
371 3738 443 3813 sed
470 3738 558 3837 igni
587 3737 745 3813 sidereo
775 3738 884 3814 calet

176 3844 294 3921 Mens
322 3851 426 3938 usta,
469 3869 595 3921 caeco
624 3845 785 3921 intacta
813 3843 1031 3944 Cupidine:

231 3950 326 4026 Non
352 3952 502 4050 glaeba
529 3951 621 4026 vilis
648 3976 726 4027 nec
755 3951 893 4050 capilli

284 4058 353 4133 Me
383 4058 499 4133 tenui
526 4057 706 4158 religant
734 4063 894 4133 catena.

175 4217 251 4293 Est
276 4217 445 4293 flamma
472 4216 581 4309 felix,
616 4216 780 4292 suavior
808 4216 997 4292 omnibus

176 4323 313 4400 Rebus
342 4323 519 4400 caducis.
557 4323 625 4400 Sic
652 4323 778 4400 liceat
805 4323 892 4399 dies

229 4431 445 4507 Deducere
475 4431 528 4506 ad
554 4431 679 4506 finem
707 4430 886 4530 quietum

282 4537 358 4613 His
389 4537 545 4614 facibus
573 4537 726 4614 moriar
753 4539 909 4613 beatus.
