3164 5154
529 264 604 320 LIB.
622 266 645 320 1.
663 267 779 322 33-35.

177 467 367 564 Auguste
396 464 512 541 ducit
539 472 582 540 te
611 464 784 541 Triados
812 466 925 557 fides,

179 573 286 648 Hinc
316 573 429 649 celse
455 572 580 649 turris
608 572 763 648 lumine
791 573 944 673 triplici

228 680 433 778 Effulget:
466 682 642 756 obscura
669 680 774 756 haec
802 680 952 780 image,

281 786 444 862 Numen
473 792 520 863 ut
547 786 704 863 indicet
731 787 999 863 aeviternum.

175 948 212 1021 N
216 972 269 1021 cn
296 947 414 1023 triste
441 945 604 1041 sermm,
634 948 744 1046 qued
772 954 889 1024 secat
916 950 1054 1040 ubera,

177 1054 293 1143 Quae
320 1057 506 1130 membra
534 1055 724 1146 adurunt,
752 1081 841 1132 non
870 1057 1020 1130 metuis
1048 1055 1161 1132 feces

230 1161 392 1237 Munita
421 1162 593 1237 caelesti
621 1162 757 1237 nitore

283 1269 337 1344 Et
363 1268 489 1344 radiis
517 1268 677 1368 patriae
705 1269 908 1368 perennis.

176 1428 347 1502 Festina
376 1429 526 1528 Sponsi
556 1429 652 1503 dum
681 1429 887 1504 thalamos
916 1430 1034 1529 petis,

179 1536 337 1611 Dextra
365 1542 537 1610 cruenta
565 1543 606 1610 te
636 1535 799 1634 genitor
826 1544 951 1613 necat

231 1643 415 1743 Diraque
444 1667 681 1742 percussam
709 1643 841 1718 securi

285 1749 498 1825 Sidereum
527 1748 676 1849 recipit
703 1750 924 1826 theatrum.

178 1910 240 1982 Ex
270 1935 350 2009 que
381 1908 554 1986 clientes
581 1910 751 2008 respicis
781 1936 829 1988 ec
858 1908 984 2001 faves,
1078 1886 1086 1902 ⁰

179 2015 283 2090 Cum
312 2024 445 2092 morte
474 2016 571 2091 dum
600 2017 821 2114 luctantur,
851 2024 893 2093 et
922 2018 1044 2118 eripis

232 2123 337 2199 Orco
366 2122 569 2214 frementi,
600 2123 852 2223 sempiterna

286 2231 399 2306 Luce
428 2229 507 2305 frui
536 2237 581 2306 ut
607 2230 774 2306 valeant
802 2231 926 2307 beati.

289 3049 566 3150 NUNQUAM
595 3050 1020 3129 SUPERBIENDUM.

177 3261 351 3349 ‚Attolle
381 3261 538 3354 cristas,
568 3288 682 3338 sume
711 3262 959 3362 superbiam‘
1148 3279 1198 3335 fol.
1217 3281 1272 3337 76¹·

179 3367 259 3460 Sic,
289 3368 442 3459 Prisce,
473 3370 631 3445 sua-des.
666 3370 781 3460 Quae
809 3371 915 3446 ratio
943 3371 1082 3447 iubet?

232 3474 333 3566 Quis
362 3475 522 3575 legibus
552 3483 670 3577 peret
697 3477 897 3554 tumoris?

286 3581 386 3671 Quis
414 3583 555 3659 niveas
584 3584 746 3659 tabulas
773 3586 944 3684 refiget?

180 3742 287 3831 ,Non
315 3744 459 3835 cernis,
491 3769 632 3819 omnes
662 3743 796 3819 officio
826 3745 907 3819 levi

180 3849 238 3925 Ut
264 3849 517 3948 glorientur?
546 3877 712 3926 munere
741 3851 905 3951 publico

233 3955 285 4031 Se
313 3957 477 4056 plurimi
505 3958 664 4034 iactent
690 3956 858 4049 feroces,

285 4062 413 4140 Astra,
441 4090 563 4166 super
592 4064 761 4165 cupiant
788 4066 961 4140 volarers

182 4222 264 4297 Sed
291 4223 502 4300 Daedaleo
532 4249 645 4300 more
675 4224 765 4324 quis
794 4224 939 4324 effugit

179 4329 321 4407 Minoa
352 4331 523 4407 durum?
553 4331 767 4431 Conspicis
795 4333 933 4407 Icaros

235 4436 368 4526 Quam
395 4438 592 4537 plurimos
620 4438 751 4538 mergi
779 4439 983 4540 profundo

285 4544 601 4647 Verticibusque
629 4547 753 4621 maris
782 4546 960 4622 recondi.

1264 4596 1289 4636 i!
