3164 5154
695 277 902 333 SILVARUM

372 477 545 552 Interim
573 477 700 551 velles
729 475 879 551 abiisse
909 476 1075 569 dudum,

373 584 516 660 Sermo
546 608 667 682 quem
696 583 871 657 blandus
899 588 1079 659 retinere
1108 589 1255 673 tentat,

371 692 535 790 Lingua
563 689 630 765 cui
658 689 829 789 plaudit,
859 689 947 764 fera
974 715 1092 766 mens
1121 691 1310 780 abhorret

478 797 641 871 Limine
669 797 808 872 trudit.

373 958 454 1031 Hic
482 965 604 1057 typus
633 955 786 1030 mundi.
842 957 990 1032 Facies
1020 982 1198 1033 amoena

372 1064 563 1139 Pectoris
592 1062 740 1139 maesti
768 1065 940 1139 nebulas
967 1065 1176 1140 recondit:

375 1169 508 1246 Abdit
537 1173 730 1247 obscuras
760 1170 845 1244 odii
873 1174 1067 1246 tenebras

479 1278 632 1354 Fronte
661 1302 816 1353 serena.

729 1579 862 1643 XXVI.

525 1739 803 1817 CAELESTE
830 1738 1072 1817 REGNUM.

374 1901 529 1976 Civitas
559 1900 698 1974 divum
726 1899 858 1973 niveis
886 1899 1037 1999 lapillis

372 2008 590 2107 Virginum
621 2013 870 2098 constructa,
899 2009 1022 2081 rubro
1052 2031 1198 2082 cruore

372 2116 601 2213 Martyrum
628 2112 805 2212 perfusa,
836 2112 903 2187 dei
930 2113 1104 2188 micanti

477 2220 653 2296 Lumine
681 2221 815 2320 plena.

373 2365 599 2439 Gemmeae
627 2369 773 2461 portae
801 2361 878 2436 tibi
908 2370 1015 2453 sunt,
1045 2364 1210 2461 plateae

370 2469 546 2561 Aureae,
574 2470 679 2543 muri
707 2468 832 2544 simili
860 2469 1019 2545 metalli

371 2581 484 2654 Luce
513 2577 733 2667 ditescunt,
764 2576 988 2652 adamante
1016 2576 1172 2675 scripta

478 2683 657 2760 Nomina
684 2709 842 2783 regum.

370 2830 406 2904 N
409 2854 463 2902 on
489 2826 548 2902 ibi
577 2825 717 2901 Titam
746 2825 878 2900 oritur
905 2825 1082 2917 caditve‚

370 2936 490 3010 Luna
516 2959 595 3008 nec
621 2933 780 3008 vultum
807 2933 966 3008 variare
994 2932 1131 3007 novit:

370 3042 523 3142 Fulget
551 3039 742 3115 immensi
770 3040 941 3139 regione
970 3046 1117 3115 sancta

478 3146 666 3222 Numinis
696 3147 828 3222 ardor.

370 3292 515 3366 Nullus
543 3290 624 3364 huc
652 3289 781 3364 intrat
809 3287 974 3364 sceleris
1001 3288 1068 3362 vel
1096 3294 1210 3363 atrae

372 3398 571 3474 Conscius
600 3396 704 3471 labis
734 3396 813 3471 sibi
840 3396 906 3471 vel
933 3394 1125 3470 nocentis

372 3503 565 3581 Criminis
595 3527 783 3579 consors:
813 3502 919 3577 nihil
946 3501 1210 3603 inquinatum

477 3610 660 3710 Suscipit
688 3610 794 3685 aula.
1379 3652 1397 3691 c

371 3754 519 3830 Purior
548 3752 669 3828 claris
697 3752 859 3827 animus
888 3751 943 3826 sit
971 3750 1104 3840 undiS,

371 3860 473 3959 igne
501 3868 677 3961 purgato
706 3858 852 3934 melior
880 3858 935 3932 sit
962 3883 1073 3947 aure,

372 3970 504 4043 Face-e
532 3967 645 4040 nulla
673 3967 740 4040 vel
767 3965 869 4041 vitio
899 3964 1084 4040 fatiscat:

478 4073 541 4148 Sit
568 4076 710 4174 procul
740 4098 861 4148 error.
1383 4119 1404 4156 ,,

371 4218 478 4289 Heu!
509 4215 598 4314 quis
627 4216 735 4290 hanc
763 4218 905 4290 urbem
934 4214 1089 4314 poterit
1117 4214 1287 4290 subire?

372 4322 472 4411 Quis
501 4348 637 4397 sacras
665 4329 797 4397 turres
827 4322 1016 4398 habitare
1046 4320 1181 4395 caeli?

373 4430 503 4520 Quem
532 4438 655 4505 vocat
682 4429 844 4504 divinus
874 4455 1000 4518 amor,
1031 4428 1214 4527 supremi

477 4536 623 4611 Gratia
650 4535 792 4635 patris.
1389 4583 1410 4621 u

716 4715 873 4722 ———-
