3164 5154
620 237 701 291 3-5.

124 433 344 509 Promittis
372 459 494 509 aera:
524 435 687 534 pondus
716 441 761 509 at
786 434 960 509 nimium
989 436 1079 511 leve

234 539 398 616 Statera
425 542 532 617 mole
560 541 770 638 degravat.

124 645 307 722 Paterna
334 650 465 722 bobus
493 672 588 722 rura
616 647 801 723 centenis
829 672 938 722 aras:

234 753 343 830 Sunt
370 754 485 829 mille
513 753 653 830 forsan
680 754 848 853 iugera?
1274 812 1288 851 s

122 859 270 936 Martis
300 859 494 936 Calendis
523 861 818 961 praebiturum,
850 860 959 959 quod
987 861 1112 953 iuvet,

233 966 333 1058 Quis
362 969 505 1043 credat
531 975 606 1043 aut
634 968 723 1068 quis
753 968 952 1043 suadeat?

122 1073 241 1149 Haec
269 1077 397 1149 verba
424 1074 545 1150 citius
572 1075 712 1152 umido
741 1075 885 1150 volant
912 1075 1022 1150 Noto

229 1179 553 1282 Amentiamque
582 1182 792 1280 detegimt.
1260 1237 1288 1276 12

122 1287 321 1364 Vindicta
350 1289 478 1388 capiti
505 1296 666 1364 maesta
694 1290 766 1363 sed
793 1297 935 1364 nostro
963 1289 1163 1383 imminet,

232 1394 276 1469 Si
305 1420 390 1469 non
418 1421 617 1487 veremur,
646 1403 693 1471 ut
721 1395 865 1470 decet?

123 1500 233 1592 Quid
262 1501 485 1578 destitutus
513 1502 670 1578 viribus
697 1502 830 1602 possit
857 1501 997 1578 furor?

230 1607 338 1698 Quid
369 1608 463 1684 ira?
498 1609 595 1710 quid
629 1610 864 1685 calumnia?
1260 1662 1286 1702 10

120 1714 208 1789 Has
240 1740 325 1790 non
354 1717 559 1809 timemus,
594 1715 745 1792 mentis
774 1724 818 1793 at
844 1716 1012 1814 vigilem
1032 1741 1190 1809 canem,

227 1822 402 1898 Latrare
432 1824 501 1923 qui
534 1849 620 1899 non
654 1824 814 1914 desinit,

119 1928 266 2003 Donec
300 1955 491 2029 supremo
525 1930 652 2005 iudici
685 1932 760 2004 fiat
792 1930 892 2005 satis

229 2034 370 2135 Atque
404 2037 617 2136 expiemur
650 2038 848 2112 sordibus.
1258 2091 1285 2131 ,ο

120 2140 335 2218 Promissa
365 2144 426 2218 nil
459 2151 555 2220 sunt
585 2151 739 2234 nostra,
774 2144 832 2218 nil
862 2168 976 2218 acres
1008 2144 1161 2221 minae:

229 2249 350 2341 Quod
381 2248 470 2325 fata
501 2252 683 2342 volvunt,
718 2251 892 2326 accidet.

640 2604 680 2670 V.

347 2748 619 2827 PECUNIAE
647 2751 733 2827 VIS
763 2751 957 2826 IMPIAE.

123 2906 243 2995 Quod
271 2908 434 3006 pondus
463 2934 562 2985 auro
592 2910 655 2984 vel
684 2911 773 3009 quis
803 2916 975 3008 argento
1006 2909 1128 3002 color,
1149 2924 1200 2978 fol.
1220 2927 1276 2981 51¹·

227 3013 383 3090 Vincat
409 3024 456 3092 ut
483 3017 714 3092 honestatis
743 3017 894 3091 decus?

120 3118 333 3195 Promissa
358 3120 527 3221 frangat
554 3129 679 3222 atque
709 3124 883 3199 iuratam
912 3122 1037 3197 fidem

225 3227 279 3301 Et
307 3236 454 3304 sancta
481 3237 648 3329 rumpat
673 3230 867 3306 foedera?
1269 3284 1282 3322 ⁴

119 3332 177 3409 Ut
203 3333 342 3408 1161161
370 3360 485 3410 61666
514 3337 701 3412 hostibus
730 3345 773 3412 61
801 3344 952 3434 aequet
981 3336 1066 3411 solo

226 3441 388 3516 Munita
416 3443 623 3540 quondam
653 3445 846 3518 moenia?

118 3543 176 3622 Ut
203 3547 409 3645 nuptiales
438 3550 567 3625 violet
594 3550 792 3625 iniectum
821 3550 934 3626 faces

224 3653 277 3727 Et
305 3662 446 3730 arceat
473 3658 733 3732 custodiam?
1267 3709 1281 3747 0

119 3755 227 3846 Quid
255 3760 348 3835 labe
378 3762 513 3837 dicam
540 3763 744 3861 virginum
774 3789 960 3864 aspersos
989 3765 1135 3840 choros

224 3866 329 3941 Tam
357 3869 533 3961 sordida,
562 3877 648 3945 16111
678 3871 855 3970 putrida,

117 3970 175 4049 Ut
202 3974 312 4049 mole
339 4000 502 4074 pressas
530 3985 677 4075 postea
704 3979 864 4076 ingenti
893 3979 1010 4051 labor

222 4080 459 4180 Exponeret
488 4082 713 4158 discrimini
1254 4134 1280 4173 η

115 4183 395 4286 Ludibrioque
423 4190 584 4289 plebis?
613 4191 691 4266 hoc
719 4191 857 4291 potuit
883 4191 993 4265 nitor

223 4293 341 4368 Fulvi
370 4297 539 4388 metalli,
570 4323 653 4371 nou
684 4323 809 4372 611161.

117 4394 322 4474 Conclusa
349 4401 496 4478 Danae
524 4403 657 4478 ferrea
684 4405 799 4487 111111,
830 4428 952 4478 aureo

223 4506 427 4608 Concepit
454 4511 584 4586 imbre
613 4512 781 4605 Persea3
