3164 5154
425 224 429 230 ’
511 262 670 318 11111111.
691 264 804 319 11-13.

236 462 432 564 Protinus
460 460 599 537 tristes
626 461 809 536 reditura
836 486 1060 561 numquam

236 571 350 648 Uxor
377 569 430 643 ad
457 594 600 644 manes
627 568 813 661 trahitur,
843 568 1009 644 iubente

238 675 410 775 Cogitur
436 701 574 751 rursus
602 674 796 751 miserum
825 677 1017 750 maritum

342 783 546 882 Linquere
575 781 673 857 fato.

235 941 444 1018 Aestuans
474 967 579 1042 quae
608 942 760 1017 damna
787 941 896 1042 parit
925 943 1104 1041 cupido?

237 1050 435 1126 Omnibus
463 1052 585 1125 rebus
613 1049 759 1124 modus
788 1058 870 1125 est:
901 1052 1078 1140 aberrat,

138 1162 141 1167 ’
237 1157 398 1232 Cuncta
427 1157 496 1255 qui
524 1180 722 1257 praeceps
750 1155 839 1255 agit
867 1161 910 1231 et
936 1154 1088 1232 furenti

282 1363 285 1367 ,
344 1264 535 1363 Carpitur
563 1263 671 1362 igne.
1261 1317 1287 1356 ,ο

582 1601 741 1609 ...ᾡ-

275 2082 592 2161 FEMINARUM
620 2079 1044 2159 lNCONSTANTIA.

236 2295 428 2372 Somnias
458 2297 610 2385 erebro,
639 2293 874 2386 Philotimo,
906 2321 1099 2395 sponsam
1132 2310 1273 2367 f01.193v·

235 2404 328 2478 Non
355 2402 431 2476 tibi
460 2426 622 2477 servare
649 2400 774 2476 fidem
801 2426 880 2476 nee
909 2402 1017 2500 igne,

237 2509 369 2608 Saepe
398 2534 520 2607 quem
548 2507 747 2608 promisit,
776 2509 926 2584 amoris
955 2511 1037 2584 ullo

341 2613 530 2714 Amplius
558 2615 631 2689 uri.
1271 2671 1285 2709 ,

234 2777 358 2851 Forte
386 2776 565 2850 mendax
594 2775 772 2875 suspicio
802 2776 993 2850 recurrit:

234 2883 456 2983 Morpheus
483 2880 635 2957 formas
663 2883 798 2957 varias
826 2882 934 2956 ciere

235 2990 379 3066 Suevit
406 2997 449 3064 et
476 2989 583 3063 euris
611 3014 781 3064 onerare
809 2989 988 3087 flagrans

341 3097 494 3171 Pectus
523 3095 685 3195 iniquis.
1274 3152 1287 3190 ,

233 3258 325 3331 Nox
352 3256 487 3346 refert,
518 3280 799 3356 quoscumque
827 3255 915 3331 dies
943 3256 1105 3332 labores

237 3362 444 3439 Sustinet:
475 3387 617 3438 saurae
647 3362 828 3438 studium
855 3364 1075 3453 Minervae,

235 3471 438 3545 Turbidos
466 3476 605 3545 aestus
634 3470 773 3560 animi,
803 3471 963 3547 dolores

341 3577 535 3676 Corporis
564 3578 689 3676 aegri.

234 3735 303 3810 An
332 3761 456 3836 sopor
482 3737 619 3836 pingit
645 3736 825 3836 speeiem
853 3762 1070 3836 procacem

233 3844 443 3933 Feminae,
473 3868 601 3919 verna
626 3843 791 3919 levioris
820 3867 931 3933 aura,

233 3953 351 4027 Nube
381 3974 486 4049 quae
516 3950 621 4026 oaeli
648 3949 798 4025 faeiem
827 3974 1012 4026 serenam

341 4058 477 4132 Mutat
505 4064 548 4132 et
575 4056 731 4132 imbre?

232 4218 337 4292 Nolo
368 4217 564 4292 divinare.
621 4216 740 4290 Prius
768 4216 956 4292 dehiscat

234 4325 371 4416 Terra,
402 4349 524 4423 quarn
554 4324 720 4399 credam
748 4321 910 4399 facilem
940 4325 1119 4424 puellam

236 4429 438 4531 Turpibus
466 4431 625 4531 probris
652 4431 803 4506 veteris
832 4432 979 4508 oaloris

339 4538 518 4615 Prodere
546 4537 703 4613 foedus.
