3164 5154
694 225 909 285 CARMINUM

319 429 492 505 Terram
520 428 668 527 ingens
696 426 875 527 spatium
904 424 1053 501 dividit
1078 425 1264 519 aethere,

320 535 514 612 Obscuris
542 534 768 635 premimur
793 533 972 608 nubibus
1000 533 1182 609 incolae:

372 643 455 719 Vix
482 641 663 718 scintilla
689 639 867 738 refulget

425 747 525 826 Veri
553 773 579 823 a
606 747 836 846 magnificis
864 745 1010 847 plagis.

320 907 453 999 Quem
480 909 575 983 nisu
603 908 719 982 fatuo
749 906 807 982 sic
835 907 952 982 iuvat
980 905 1083 1004 erigi

319 1014 458 1115 Atque
486 1015 626 1113 ignem
656 1039 849 1114 superum
878 1012 1083 1113 corripere
1111 1037 1134 1088 e
1164 1013 1301 1105 domo,

371 1123 491 1200 Vano
520 1127 567 1196 ut
595 1147 687 1195 cum
714 1122 949 1195 Phaetonte

427 1228 533 1305 Solis
562 1229 745 1303 curribus
774 1227 961 1302 excidat?

320 1387 436 1479 Quae
463 1413 538 1463 nos
568 1386 804 1479 occulimus,
835 1388 1028 1485 detegere
1055 1386 1168 1462 haud
1194 1387 1314 1464 labor

318 1496 437 1570 Divis
468 1494 664 1570 difficilis:
695 1494 785 1593 quis
813 1500 1004 1593 penetrat
1031 1493 1154 1584 Iovis,

373 1601 475 1693 Quis
504 1603 671 1677 decreta
697 1601 867 1692 revelat,

425 1708 477 1783 Ni
505 1715 690 1784 nostrum
720 1707 881 1784 erudiat
908 1711 1067 1805 genus?

321 1868 461 1943 Virtus
489 1868 594 1942 mira
623 1868 709 1962 dei;
742 1866 961 1942 consilium
988 1890 1116 1964 grave

322 1975 433 2051 Gens
461 1976 645 2051 humana
673 1975 754 2050 levi
783 1998 869 2048 non
897 1973 1035 2049 animo
1066 1973 1190 2074 capit,

375 2080 506 2157 Sensu
534 2082 741 2156 ducimur:
771 2105 883 2156 emor

426 2188 511 2263 Nos
538 2189 718 2264 mendax
744 2187 889 2288 procul
916 2187 1130 2263 abstrahit.

321 2347 450 2422 Menti
478 2373 587 2446 pone
615 2356 711 2423 tuae
739 2347 856 2422 frena
883 2347 1113 2422 modestiae

321 2453 408 2529 Nec
435 2453 562 2528 fallax
590 2455 756 2530 avidum
786 2453 981 2531 sollicitet
1008 2461 1157 2546 tumor,

374 2561 444 2651 Ut,
475 2562 585 2660 quod
614 2561 719 2637 scire
747 2568 958 2660 negatum,

430 2667 612 2757 Quaeras
640 2668 809 2743 insolita
835 2668 913 2743 via.

756 3008 874 3016 ..-.—·-——

754 3284 849 3349 XIV.

341 3482 563 3561 CASTAM
590 3482 860 3560 VIRGINEM
888 3481 1019 3583 QUID
1049 3477 1279 3557 DECEAT.

321 3695 437 3787 Quae
465 3720 562 3770 vera
588 3695 676 3770 vita
705 3698 794 3770 est?
824 3693 981 3784 Suavis,
1012 3693 1220 3769 amolibus
1297 3707 1349 3764 fol.
1368 3707 1419 3763 lav·

320 3800 503 3877 Addicta
533 3801 669 3892 castis
700 3826 806 3900 quae
834 3802 979 3900 procul
998 3800 1174 3876 horridis

372 3908 500 3985 Bellis
529 3934 675 3983 serena
701 3933 804 4008 pace
833 3909 989 4006 gaudet

426 4014 490 4091 Ac
518 4015 673 4091 nitidos
702 4015 890 4090 imitatur
918 4017 1049 4090 orbes

323 4175 356 4251 Ο
387 4184 432 4251 tu
460 4176 622 4274 piarum
650 4175 783 4273 gloria
810 4174 1022 4266 mentium,

323 4283 356 4360 Ο
387 4282 519 4358 dulcis
547 4282 679 4372 ardor,
710 4282 875 4357 solliciti
904 4282 1019 4380 quies

374 4390 560 4464 Iucunda
590 4389 733 4480 cordis,
763 4389 971 4464 concitato

426 4497 520 4571 Huc
548 4521 734 4596 propera,
765 4496 969 4586 Telesilla,
1000 4520 1153 4594 gressu.
