3164 5154
704 235 906 291 SILVARUM

781 450 825 514 H.

427 595 537 673 NEC
568 596 753 672 ARDUA
783 594 892 671 NEC
922 595 1177 671 SORDIDA.

379 756 494 847 Quae
523 757 601 831 sibi
631 756 848 856 quisquam
875 755 1069 831 nocitura
1095 755 1229 846 novit,
1282 768 1330 824 fol·
1348 769 1404 824 165*-

375 864 493 938 Vitat
521 870 564 937 et
590 863 714 961 longe
742 863 895 937 laribus
923 863 1102 962 repellit:

376 970 603 1046 Commodo
633 995 738 1069 quae
768 976 864 1043 sunt
890 968 1056 1068 proprio
1086 970 1235 1060 futura

482 1076 653 1167 Quaerit
681 1085 723 1150 et
751 1082 879 1175 optat.

375 1236 469 1310 Non
497 1236 608 1311 leves
637 1260 757 1310 auras
787 1259 936 1334 sequor
963 1242 1038 1311 aut
1063 1235 1181 1311 inani

375 1342 530 1418 Pasoor
558 1368 583 1416 a
611 1349 756 1417 vento:
786 1349 954 1417 tenuem
982 1367 1178 1442 vaporem

377 1449 542 1524 Gloriae
571 1474 703 1524 vanae
731 1449 896 1548 sapiens
924 1450 1120 1524 abhorret

481 1557 535 1629 Et
561 1556 706 1655 procul
735 1562 860 1632 arcet.

378 1715 464 1790 Neo
492 1723 634 1790 tamen
664 1741 786 1791 curae
814 1715 989 1790 nimium
1018 1717 1220 1815 superbae

378 1821 466 1896 Aut
492 1823 633 1923 placet
661 1822 847 1898 sublimis
877 1846 984 1922 apex
1012 1822 1232 1900 honorum:

378 1929 509 2003 Tutus
538 1936 611 2019 est,
643 1928 827 2030 quisquis
856 1929 993 2004 medio
1023 1929 1213 2004 modeste

483 2036 666 2111 Tramite
695 2035 832 2112 fertur.

382 2194 504 2270 Celsa
532 2196 601 2295 qui
631 2196 808 2286 scandit,
840 2195 979 2271 subita
1005 2194 1127 2270 ruina

380 2301 568 2378 Labitur:
601 2302 724 2378 testis
753 2303 977 2378 Phaethon
1006 2303 1058 2377 ab
1088 2303 1174 2377 alto

378 2409 581 2484 Deoidens
611 2435 732 2484 curru
760 2409 860 2484 Iove
888 2408 1147 2499 fulminante,

484 2516 662 2591 Obrutus
691 2515 820 2591 undis,

378 2675 457 2764 Qui
485 2676 553 2750 via
579 2675 711 2775 plebis
739 2674 926 2774 graditur
953 2675 1020 2750 vel
1045 2674 1130 2750 imo

378 2781 456 2872 Qui
485 2783 572 2857 solo
601 2783 766 2882 gaudet,
795 2781 939 2883 populi
968 2781 1172 2857 cachinno

376 2889 571 2964 Truditur
598 2889 671 2964 vili
698 2890 812 2965 velut
839 2891 927 2965 Irus
957 2888 1095 2965 audax

482 2997 671 3096 Paupere
701 2996 885 3072 ohlaena.

774 3386 836 3451 Ill.

200 3543 346 3621 CURA
376 3545 445 3619 ET
474 3486 859 3625 PULCHRITUIlO
890 3545 1162 3624 CORPORIS
1190 3539 1384 3624 FALLAX.

380 3706 570 3781 Delicato
600 3706 757 3805 spargis
787 3706 911 3782 odore
940 3709 1137 3798 membra,
1285 3719 1330 3773 fo.
1347 3714 1397 3771 ur·

379 3813 609 3911 Pinguibus
639 3838 785 3913 corpus
815 3813 988 3913 dapibus
1017 3814 1195 3914 saginas,

381 3919 600 3996 Conditam
630 3927 782 3996 testam
809 3921 949 3996 relinis
977 3921 1143 3997 Falerni

488 4027 664 4103 Consule
693 4029 841 4127 priseo,

382 4188 473 4261 Hoc
502 4189 625 4262 modo
655 4212 796 4287 speras
823 4187 1002 4263 retinere
1030 4213 1151 4288 posse

382 4294 613 4369 Candidam
642 4293 833 4385 frontem,
862 4320 1028 4370 roseum
1054 4320 1254 4394 genarum

381 4401 497 4476 Liliis
525 4402 666 4476 mixtis
696 4403 821 4477 decus
850 4410 975 4503 atque
1005 4402 1159 4478 ocellos

488 4511 601 4583 Lene
631 4509 844 4585 micantes.
