3164 5154
568 194 645 251 ΠΒ.
666 195 721 251 m
739 195 820 253 7-9.

178 395 359 495 Legibus
386 394 523 471 frenas
551 395 726 495 populos
753 393 924 487 feroces,

181 502 379 580 Contines
407 508 553 600 gentes
580 500 746 600 placide
774 500 913 601 quiete

180 611 233 684 Et
260 608 368 685 feros
397 632 532 684 mores
562 607 768 684 domuisse
794 608 952 706 gaudes
1018 721 1020 725 v

286 715 464 792 Vindice
492 715 651 794 dextra.

181 892 374 969 Crebrius
401 898 564 968 nostros
593 894 739 967 subeas
766 897 948 991 penates,

182 999 411 1076 Criminum
438 1023 606 1098 rumpas
632 999 802 1098 laqueos
830 997 993 1097 iniquos

183 1109 236 1182 Et
262 1105 408 1206 procul
436 1105 628 1180 fraudum
656 1128 849 1180 amoveas
876 1128 1082 1180 venenum

287 1211 466 1288 Pectore
495 1219 622 1287 casto.

180 1388 264 1465 Sed
292 1412 407 1463 soror
434 1395 573 1464 tecum
600 1387 743 1463 Pietas
772 1387 952 1487 benigno

181 1495 262 1572 Ore
292 1494 472 1570 clemens
500 1493 676 1594 aspiciat
702 1499 917 1593 gementes

180 1602 292 1677 Mole
321 1603 396 1676 sub
425 1601 560 1676 carnis
584 1599 701 1700 gravi
726 1606 768 1676 et
790 1600 1033 1676 innocentes

287 1706 452 1783 Reddat
480 1707 668 1807 Olympo.

180 1886 277 1960 Iura
304 1892 476 1985 peccato
505 1884 679 1960 nimium
708 1909 851 1960 severa

180 1992 403 2092 Temperet
429 1992 558 2085 vulta,
588 1991 787 2067 scelerum
816 1991 997 2066 resolvat

180 2098 358 2174 Vincula
386 2105 429 2174 et
455 2105 600 2200 parcat
627 2097 790 2198 generis
819 2096 1006 2174 cadentis

289 2203 453 2281 Viribus
483 2205 628 2304 aegris.

683 2766 746 2834 IX.

260 2963 501 3042 SPIRITUS
530 2962 599 3040 ET
629 2961 829 3041 CARNIS
858 2960 1140 3040 DIALOGUS.

179 3158 256 3235 SP.
285 3160 397 3234 Dum
426 3158 541 3234 suavi
570 3156 742 3256 imperio
771 3163 866 3232 tuus
1201 3172 1251 3228 rol.
1270 3175 1328 3230 arv·

340 3262 533 3341 Accessit
560 3262 717 3363 genius,
749 3263 846 3338 dum
875 3262 1046 3338 arbitrio
1076 3262 1208 3339 libens

286 3371 449 3448 Collum
477 3369 717 3446 subdideras
744 3394 851 3458 meo,

336 3478 430 3553 Non
457 3501 609 3576 magno
639 3476 798 3551 fueram
827 3500 925 3575 rege
953 3475 1142 3552 beatior?

178 3655 262 3731 oA.
291 3655 403 3729 Dum
431 3675 595 3728 mecum
623 3653 769 3728 dubias
798 3652 908 3727 vices

334 3760 544 3835 Fortunae
571 3758 709 3836 valido
737 3761 884 3834 robore
914 3759 1094 3834 conteris

281 3867 369 3942 Nec
397 3872 512 3942 moto
540 3865 723 3965 trepidas
751 3866 867 3956 mari,

339 3972 454 4063 Quae
482 3977 625 4048 nostro
652 3971 800 4047 mulier
826 3970 999 4046 nomine
1028 3970 1201 4047 clarior?
1327 4025 1340 4064 8

176 4149 250 4225 SP.
279 4150 400 4225 Nunc
426 4172 495 4224 me
524 4149 705 4224 crinibus
735 4149 869 4224 aureis

332 4257 388 4331 Et
414 4256 530 4330 vultu
556 4255 710 4331 Melete
739 4255 853 4331 ducit
880 4255 1070 4349 amabili;

279 4363 409 4438 Totos
437 4361 598 4438 assideo
629 4362 741 4437 dies:

336 4469 406 4545 Sic
433 4493 500 4544 me
529 4467 617 4544 fata
644 4468 778 4544 velint
804 4467 955 4555 vivere,
986 4467 1045 4544 sic
1072 4469 1189 4544 mori.
1312 4519 1338 4559 n
