3164 5154
174 247 235 303 122
730 235 891 293 EPODOll

277 435 365 510 Aut
391 436 650 534 neglegente,
677 435 813 510 nullus
842 435 912 510 ubi
940 435 1042 510 lucri
1071 442 1135 511 est
1164 437 1280 512 odor.

386 543 479 616 Huc
509 566 634 641 opera
662 548 853 641 spectant
881 544 1032 620 omnia.

280 650 389 740 Quid
417 651 583 724 tamen?
611 674 760 724 avarae
788 648 941 723 sufficit
968 649 1098 725 menti
1124 649 1246 743 nihil,

386 755 545 830 Aurum
574 756 718 830 Indiae
746 756 845 831 licet
872 755 1048 832 adfluat:

280 863 387 937 Nam
416 887 540 962 saepe
569 861 768 961 quidquid
796 887 878 938 una
907 863 1088 939 corradit
1114 888 1278 956 manus,

387 970 599 1069 Dispergit
627 970 756 1044 altera
783 969 967 1069 prodige.

281 1077 392 1150 Dum
420 1077 603 1151 vestibus
632 1076 817 1176 superbit
845 1083 888 1151 et
914 1076 1024 1152 fastu
1051 1082 1199 1168 tumet,

389 1183 537 1258 Turres
565 1189 748 1258 vetustas
778 1184 934 1258 excitat

282 1292 336 1365 Et
363 1288 498 1389 iungit
525 1290 703 1389 antiquis
731 1315 872 1382 novas,
907 1292 1050 1366 turbas
1077 1290 1161 1366 ciet

390 1398 443 1471 Et
471 1397 648 1471 militurn
677 1398 808 1472 saevit
835 1397 975 1496 globo:

284 1504 378 1579 Non
406 1529 632 1603 pauperum
660 1504 878 1578 miseretur
902 1510 976 1579 aut
1002 1503 1174 1604 inopum
1213 1529 1355 1605 preces

391 1609 537 1685 Dirum
565 1610 744 1685 furorem
770 1611 977 1710 mitigant.

284 1717 377 1791 Non
405 1717 562 1794 oderim
591 1717 715 1792 istam
743 1716 904 1815 generis
933 1716 1103 1792 humani
1130 1717 1260 1814 luem,

391 1824 538 1900 Nobile
566 1832 786 1924 parentum
815 1824 1016 1900 dedecus?

810 2478 855 2546 X.

448 2698 456 2712 '
573 2695 711 2773 LAUS
741 2692 1076 2771 CASTITATIS.

288 2911 322 2986 O
353 2907 585 2985 sanctitatis
614 2906 756 2998 lilium,
788 2932 810 2981 o
841 2906 997 2980 celsum
1026 2905 1161 2980 iubar!
1324 2917 1426 2974 fotur-

395 3016 557 3091 Eximia
583 3014 712 3089 virtus
743 3013 931 3088 castitas!

290 3124 447 3214 Quibus
476 3123 706 3198 evehantur
733 3119 924 3195 laudibus
953 3119 1071 3194 dotes
1099 3127 1210 3209 tuae,

396 3231 485 3321 Quo
517 3234 809 3305 consecrentur
837 3226 1047 3301 carmine?
1427 3272 1438 3310 a

290 3339 349 3411 Te
377 3338 498 3411 nivea
526 3337 664 3426 vestis,
695 3359 840 3408 aureus
869 3333 1027 3408 candor
1055 3332 1175 3406 decet

398 3446 451 3518 Et
477 3443 614 3542 fulgor
640 3443 772 3516 instar
800 3439 956 3515 sideris.

290 3554 397 3627 Nam
423 3558 524 3625 nata
552 3549 665 3624 caelo
696 3546 907 3622 sordidum
936 3570 1111 3622 caenum
1139 3542 1261 3642 fugis,

398 3658 554 3732 itinera
581 3657 688 3730 vitas
718 3653 886 3728 lubrica.
1432 3698 1442 3738 s

291 3765 481 3841 Amoena
508 3789 613 3853 rura,
643 3762 836 3860 lirnpidos
865 3759 1001 3835 fontes
1030 3756 1149 3858 petis,

400 3871 543 3945 Hortis
572 3869 722 3968 apricis
752 3867 939 3942 ambulas

292 3981 346 4054 Et
373 3985 481 4053 serta
508 3977 653 4067 nectis,
683 3975 852 4049 floribus
882 3971 1013 4070 cingis
1043 3976 1179 4069 caput,

399 4084 519 4160 Rosis
550 4085 769 4158 obumbras
798 4080 1010 4170 verticem,
1426 4122 1446 4161 u

293 4195 386 4268 Non
416 4217 515 4289 quas
544 4191 701 4265 Diones
729 4189 842 4262 fusus
872 4185 1049 4286 aspersit
1077 4207 1195 4258 cruor

402 4297 606 4373 Adonidis
635 4321 739 4371 nece
767 4294 947 4384 territae,

295 4405 469 4481 Divinus
499 4413 543 4479 at
570 4430 671 4503 quas
701 4402 902 4501 sanguine
930 4399 1186 4497 Redemptor
1214 4419 1287 4469 suo

403 4515 456 4587 Et
482 4537 664 4612 purpura
691 4509 852 4610 pridem
880 4506 1031 4583 imbuit
