3164 5154
712 232 917 289 SILVARUM

794 465 839 530 X.

307 627 459 705 SENIS
488 627 834 707 LANGUENTIS
862 628 1108 706 ANIMOSA
1137 629 1317 706 VERBA.

392 788 481 863 Iam
511 787 597 863 dies
624 789 761 888 plures
790 789 926 864 abiere
954 789 1076 880 vitae,
1285 804 1319 858 fol
1340 804 1385 858 146¹·

392 894 636 984 Quindecim
664 895 805 995 paucis
834 921 1026 995 superare
1054 897 1186 971 lustra

393 1003 496 1077 Cum
526 1002 592 1077 dei
620 1002 767 1077 summi
794 1002 951 1078 tribuat
976 1004 1179 1095 voluntem,

496 1110 658 1206 Degere
687 1108 816 1184 terris.

390 1268 476 1342 Nec
503 1275 599 1367 peto
628 1277 792 1368 tempus
819 1268 921 1343 mihi
948 1270 1170 1368 prorogari,

392 1375 495 1450 Cum
523 1399 685 1473 premar
712 1399 864 1474 magno
894 1374 998 1449 senii
1025 1374 1181 1451 labore:

389 1482 608 1579 Langueat
637 1506 795 1582 eorpus,
825 1481 924 1558 lieet
951 1486 1076 1558 aucta
1104 1483 1214 1557 duris

495 1588 611 1663 Mens
640 1589 718 1663 sibi
748 1595 921 1664 constet.

388 1748 587 1824 Horrides
615 1755 763 1839 metue,
793 1749 967 1848 populos
996 1736 1181 1841 rebelles,

388 1852 535 1929 Aleam
563 1856 661 1930 belli
689 1855 867 1944 dubiam,
897 1855 1065 1948 furores,

388 1962 541 2061 Impias
569 1962 662 2037 lites
691 1963 786 2050 adii,
816 1969 987 2037 cruenta

492 2069 675 2145 Vulnera
702 2068 798 2142 vidi.

389 2228 548 2303 Gunela
576 2229 648 2303 sed
675 2227 776 2304 vieit
802 2253 1026 2328 generosus
1054 2227 1177 2302 ardor

387 2336 473 2409 Nee
501 2335 623 2409 minis
651 2361 728 2410 nec
755 2335 967 2411 blanditiis
995 2338 1206 2410 subactus:

389 2441 546 2516 Semita
572 2443 659 2516 veri
687 2442 811 2516 timor
839 2467 1030 2518 amovere

492 2549 649 2624 Nesciit
676 2573 881 2649 umquam.

386 2709 503 2783 Iussa
529 2733 639 2782 nune
669 2708 772 2784 caeli
801 2734 961 2807 sequ0r;
989 2706 1191 2807 imperare

387 2815 506 2903 Quod
534 2816 656 2904 velet,
685 2816 818 2891 laetus
845 2839 1056 2914 peragam:
1083 2816 1272 2888 morabor

386 2921 462 2997 Vel
492 2923 578 2997 solo
607 2923 673 3000 vel
700 2927 833 2997 morte
861 2927 1033 2997 vocatus
1061 2922 1148 2996 alla

492 3029 635 3103 Sidera
663 3029 871 3103 scandam.

732 3240 890 3250 ψ

771 3379 832 3444 ΧΙ.

229 3544 451 3621 NULLUM
480 3543 763 3620 REMEDIUM
791 3541 1075 3619 ADVERSUS
1104 3540 1371 3620 LIBIDINEll.

381 3704 575 3778 Publium
604 3708 770 3801 torquet
798 3702 914 3777 dolor
942 3708 984 3777 el
1010 3701 1192 3802 peritum
1283 3715 1326 3770 for
1343 3710 1392 3766 146¹·
1435 3694 1437 3779 l

381 3808 570 3908 Angulos
601 3810 763 3908 quaerit
789 3809 994 3884 medicum
1024 3834 1098 3908 per
1126 3833 1282 3902 omnes;

382 3916 486 3992 Post
513 3942 647 3992 meras
676 3918 823 4015 longas
852 3917 1006 4016 reperit
1034 3915 1256 3993 Cratonem

487 4025 623 4122 Ligna
652 4031 870 4098 secantem.

380 4183 576 4258 Protinus
606 4183 773 4258 elamat:
805 4206 984 4274 ,remove
1012 4183 1212 4275 laberem;
1435 4212 1437 4251 ι

380 4289 542 4364 Intimis
571 4291 698 4388 serpit
725 4291 871 4364 misere
900 4289 1089 4364 medullis

379 4396 515 4471 Pestis
545 4405 587 4472 et
615 4396 748 4496 carpit
775 4397 1042 4470 vehementer
1069 4395 1156 4494 igni

488 4504 667 4579 Pectora
696 4511 849 4578 ea000.‘
