3164 5154
701 221 905 278 SILVARUM

326 426 424 500 ‘Nec
455 448 603 524 sperno
632 423 758 522 leges
789 446 890 521 quas
918 419 1057 521 posuit
1086 421 1199 496 deus'

324 533 423 607 Infit
450 531 610 629 virago:
643 528 839 605 ‘sanctior
866 528 1017 604 incitat

378 639 531 714 Pectus
561 636 721 736 Cupido
749 661 828 711 neo
856 643 1046 735 proterve

431 744 614 819 Arbitrio
644 743 863 818 monitisve
893 740 1057 842 Olympi

323 958 505 1034 Demens
532 956 690 1032 resisto.
727 955 796 1032 Sic
825 954 941 1031 iubet
968 956 1136 1030 aethere

324 1066 526 1165 Delapsus
555 1065 639 1139 alto
668 1063 903 1162 virgineum
931 1062 974 1136 in
1003 1061 1137 1136 sinum

379 1171 499 1248 Orbis
527 1171 801 1270 Redemptor:
837 1169 1037 1268 suspicari

430 1278 499 1353 An
527 1278 684 1352 licitum
714 1276 901 1352 docuisse
930 1274 1072 1352 falsal'

325 1490 508 1582 ,Absiste
538 1490 711 1590 coeptis‘
740 1490 798 1565 sio
827 1489 990 1564 monuit
1014 1497 1134 1565 vetus

323 1599 390 1673 Me
420 1601 540 1674 turba
566 1604 718 1674 vatum.
751 1597 887 1688 ‚Vana
915 1596 1011 1696 quid
1040 1596 1233 1696 oggeris'?

376 1706 484 1780 Fuso
513 1705 675 1805 puellae
705 1711 806 1805 quot
835 1729 978 1779 cruore

431 1813 536 1888 Tam
563 1811 729 1887 niveam
758 1817 939 1886 statuere
967 1814 1184 1885 normam?
1400 1864 1421 1901 a

325 2024 497 2100 Caelum
526 2024 630 2099 haec
661 2025 838 2099 decebat
873 2022 1024 2122 gloria3
1060 2048 1144 2098 non
1176 2025 1285 2099 enim

326 2132 529 2230 Corrupto
556 2131 673 2207 novit
699 2132 803 2208 talia
829 2128 997 2206 foedera

378 2239 432 2312 Et
460 2238 725 2313 iu1·atellus.⁶
757 2238 889 2314 Carne
917 2261 1098 2312 mersum

430 2345 521 2418 Hoc
550 2344 739 2420 homines
768 2345 959 2420 latuisset
986 2368 1142 2435 aurum,
1403 2399 1424 2436 o

324 2560 377 2634 Ni
405 2559 658 2659 providentis
686 2560 748 2634 vis
777 2559 1004 2659 sapientiae

325 2666 546 2741 Pandisset
573 2667 672 2742 orbi.
704 2666 925 2765 Spiritibus
954 2663 1081 2741 sacris

377 2773 588 2872 Aequalis,
620 2774 739 2849 astris
768 2798 843 2874 par
870 2772 1009 2873 pudici

430 2881 504 2954 Est
533 2879 692 2955 decoris
721 2880 812 2980 pius
841 2882 1080 2956 aemulator.

325 3092 479 3167 Ridens
509 3092 686 3168 caducos
715 3095 789 3168 sub
819 3094 993 3193 pedibus
1021 3092 1183 3194 premit,

327 3200 584 3298 Quicumque
615 3200 774 3275 sanctis
803 3200 954 3300 flagrat
981 3200 1204 3287 amoribus

378 3306 432 3381 Et
458 3307 635 3381 lubricos
665 3314 803 3382 aestus
831 3333 1002 3407 perosus

433 3414 642 3489 Aetheriis
673 3439 745 3488 sua
775 3415 900 3489 corda
927 3414 1124 3490 flammat.

325 3627 397 3701 Bis
427 3635 491 3703 ter
519 3631 677 3720 beatus,
708 3628 813 3704 liber
841 3631 893 3702 ab
924 3629 1114 3704 omnibus

328 3734 499 3827 vinclis,
532 3735 684 3810 dolosis
715 3742 756 3810 et
783 3735 956 3811 Veneris
985 3733 1130 3836 plagis,

379 3840 554 3917 Assistit
583 3842 662 3917 aris
692 3849 734 3917 et
761 3842 962 3918 micantes

436 3949 640 4025 Sollicitat
669 3951 756 4023 sine
785 3951 867 4023 fine
897 3949 1048 4025 stellas.

327 4181 363 4254 N
367 4181 492 4256 utrire
520 4182 736 4281 pulchrum
768 4208 937 4283 corpore
966 4183 1064 4273 lilia,

329 4288 412 4362 Sed
441 4289 722 4364 dimicandum
753 4296 834 4364 ost:
874 4290 916 4363 ni
955 4313 1134 4389 superas
1166 4289 1291 4364 cadis.

381 4394 460 4469 Ast
488 4403 600 4471 astra
628 4398 762 4486 robur,
794 4396 977 4496 quisquis
1006 4396 1125 4486 ausit,
1186 4468 1190 4473 .

436 4501 713 4602 Suppeditant
740 4504 978 4603 validasque
1008 4504 1126 4578 vireo.
1406 4551 1430 4589 ω
