3164 5154
470 234 543 288 LIB‚
563 233 642 289 vm
660 235 740 290 7-9.

182 437 302 533 Ergo,
333 434 430 535 quid
458 436 617 509 cessas?
646 433 865 509 Metanoea
893 433 1014 509 duros

184 543 375 641 Corrigat
401 564 547 633 mores,
576 546 797 616 metanoea
824 564 968 616 saevas

182 650 332 726 Doleat
359 648 513 748 culpas,
542 646 700 723 tribuat
725 647 898 722 salutem

289 754 434 832 Gratia
463 754 576 831 caeli.

183 897 298 974 Soita
326 896 423 996 quid
451 897 621 996 possint,
651 895 837 970 medicae
864 895 930 971 vel
959 898 1092 970 artes?

183 1005 359 1106 Spiritus
388 1003 541 1103 migrat
567 1009 713 1078 tenues
741 1002 784 1077 in
813 1026 948 1076 auras:

183 1115 361 1211 Tempus
391 1118 454 1186 est
480 1110 652 1210 lapsum,
683 1109 863 1185 melioris
892 1108 983 1184 aevi

289 1219 440 1317 Surgat
466 1217 617 1315 imago.

184 1360 292 1436 Orbe
321 1359 419 1457 quid
445 1358 596 1458 flagras
624 1356 772 1433 misero
801 1355 980 1432 morari?

183 1467 263 1542 Hio
289 1466 404 1542 locus
432 1490 516 1540 non
544 1472 608 1542 est
635 1462 821 1565 placidae
851 1461 1015 1563 quietis:

182 1572 371 1648 Numinis
401 1598 493 1648 cum
521 1597 597 1647 nos
625 1576 750 1647 vocat
777 1595 886 1661 aura,
915 1571 1068 1645 blanda

291 1678 396 1759 Sede
424 1679 619 1754 locamur.

590 2013 652 2081 IX.

317 2176 581 2254 PROBITAS
611 2176 893 2254 SIMULATA.

179 2338 307 2413 Terra
335 2360 427 2410 oum
456 2335 605 2437 sparsis
632 2335 796 2410 nivibus
823 2336 995 2428 renidet,
1079 2352 1128 2405 fol.
1148 2351 1220 2406 145*-

180 2443 374 2520 Sordidas
404 2444 580 2518 candore
609 2441 715 2540 tegit
741 2443 921 2534 lacunas,

180 2550 286 2626 Vere
315 2574 416 2649 quas
444 2550 567 2624 Titan
596 2548 728 2647 aperit
755 2550 913 2649 tepenti

284 2656 460 2730 Lumine
489 2680 637 2731 rursus,

180 2798 417 2876 Commodis
445 2799 504 2874 sic
534 2824 657 2898 saepe
684 2797 789 2874 latet
816 2797 963 2897 cupido

178 2906 361 2982 Moribus
388 2904 526 2981 fallax:
555 2905 736 2980 animum
766 2914 929 2981 serenat

177 3013 332 3112 Fulgor
359 3013 523 3104 ascitus,
552 3012 699 3087 vitium
728 3038 800 3088 suo
830 3037 950 3112 quem

284 3120 489 3218 Tempore
517 3119 634 3194 tollit.

177 3262 318 3338 Induit
344 3263 503 3336 vultum
533 3261 726 3336 simulata
752 3286 873 3337 verae

177 3370 328 3444 Forma
355 3368 534 3443 virtutis:
563 3368 717 3466 repetit
744 3374 949 3444 vetustam

177 3475 370 3551 Protinus
398 3476 546 3564 labem,
581 3475 701 3548 simul
730 3500 778 3550 ac
805 3500 1022 3575 resurgens

281 3582 452 3682 Impulit
479 3588 624 3656 aestus.

176 3725 307 3800 Recta
334 3751 450 3800 mens
480 3749 639 3823 semper
668 3723 744 3798 sibi
774 3730 939 3798 constat
967 3724 1054 3798 uni:

177 3832 344 3931 Spernit
372 3833 561 3906 insanum
590 3831 730 3930 populi
758 3831 992 3913 tumultum,

177 3939 360 4014 Haereat
388 3939 574 4037 quamvis
602 3938 783 4014 tenebris
812 3945 854 4012 et
881 3938 1043 4023 umbris,

282 4046 428 4121 Servat
455 4047 686 4120 honestum.

176 4185 292 4275 Quae
321 4189 437 4287 cupit
465 4187 562 4263 solis
592 4187 719 4262 oculis
747 4187 920 4286 placere,

175 4294 364 4369 Dedecus
393 4297 483 4371 velo
511 4294 643 4369 nitido
672 4295 875 4369 recondit:

174 4399 366 4502 Improbo
396 4428 484 4477 sese
514 4401 657 4476 sceleri
684 4402 860 4476 remittit

280 4507 437 4585 Abdita
463 4508 613 4585 lustris
