3164 5154
745 223 908 279 EPODON

807 438 870 503 III.

636 600 767 677 vim
796 600 1009 702 Quum.

295 762 417 838 Marti
447 767 638 837 cruentas
668 766 884 835 oonsoorot
911 760 1029 835 miles
1057 786 1205 838 manus
1327 778 1372 835 foi
1387 782 1428 835 ur»

400 871 454 943 Et
482 867 609 943 caede
637 873 782 965 pectus
811 867 985 965 expleat.

296 977 377 1054 Ubi
406 973 596 1050 frementi
626 972 844 1049 classicum
872 974 1058 1049 horrebit
1086 1000 1187 1050 sono

400 1083 465 1157 Ao
493 1105 620 1156 rauca
649 1079 816 1178 clanget
842 1081 1029 1174 buccina,

292 1190 491 1265 Armatus
520 1187 640 1277 adsit,
672 1211 769 1262 ense
797 1187 1062 1287 praecinctus
1090 1190 1200 1264 latus

399 1297 452 1370 Et
479 1296 666 1370 membra
695 1293 829 1393 clipeo
858 1302 1082 1394 protegens

292 1404 452 1479 Dextra
480 1401 609 1476 feroci
639 1401 813 1476 misceat
841 1403 1081 1493 cortamina,

399 1509 576 1585 Inimica
603 1513 771 1606 lumpat
798 1508 975 1605 agmina.

294 1617 445 1707 Quieta
472 1615 559 1690 vita
586 1641 653 1690 mo
683 1615 800 1689 iuvat
826 1614 926 1690 belli
954 1616 1101 1714 procul

401 1722 586 1822 Strepitu
615 1727 658 1796 et
685 1722 866 1796 tumultu
894 1722 1035 1813 libera,

292 1832 402 1904 Dum
432 1830 566 1904 colere
596 1829 734 1903 Musas
764 1835 807 1903 ot
834 1829 956 1902 simul
985 1833 1169 1904 montom
1198 1838 1314 1904 vaoot

398 1935 520 2011 Nulla
548 1935 741 2035 cupidine
771 1935 952 2010 sauciam

291 2044 486 2119 Distenta
513 2044 697 2118 membra
726 2042 900 2140 dapibus
928 2049 1001 2117 aut
1028 2042 1153 2117 lautis
1182 2042 1282 2118 cibis

398 2149 493 2223 Non
521 2149 607 2223 ulla
634 2149 784 2223 viderit
812 2149 917 2224 dies:

293 2255 376 2332 Sed
404 2255 516 2330 unda
543 2280 646 2354 pura
674 2255 797 2345 sitim,
833 2254 954 2331 obvia
983 2260 1026 2330 ot
1052 2253 1209 2330 famem
1239 2254 1348 2330 Ceres

398 2361 436 2435 A
467 2387 636 2462 corpore
664 2363 839 2462 repellat
865 2387 970 2437 meo.

290 2469 378 2544 Nec
405 2467 510 2543 falsa
537 2474 719 2543 mentem
749 2469 933 2544 stimulet
960 2467 1132 2543 ambitio
1160 2469 1292 2544 lovem

397 2572 486 2650 Aut
514 2575 635 2649 avida
663 2601 761 2651 cura
788 2575 1002 2674 pecuniae,

291 2683 349 2759 Ut
374 2683 460 2758 tola
487 2707 658 2773 sumam,
687 2682 870 2758 lubricas
898 2688 970 2757 aut
997 2681 1166 2780 fastigia

397 2787 531 2863 Aulae
560 2792 758 2887 superbus
787 2796 991 2889 appetam.

291 2894 370 2985 Qui
399 2896 563 2970 culmen
592 2896 734 2988 ambit,
764 2895 867 2970 vivit
897 2895 1092 2993 ambiguo
1121 2897 1231 2971 looo:

397 3002 574 3078 Securus
601 3002 714 3078 haud
742 3003 801 3077 illi
831 3027 964 3102 sopor.

291 3105 392 3196 Quis
422 3115 565 3200 eastra,
598 3109 744 3184 dubius
773 3109 917 3185 Martis
946 3109 1100 3186 arridet
1127 3108 1249 3202 furor,

396 3215 445 3288 In
472 3217 641 3290 vulnera
671 3223 713 3291 ot
740 3223 916 3291 mo1tom
944 3222 1077 3291 ruunt.

290 3320 485 3397 Formido
514 3322 634 3397 nobis
661 3323 787 3416 nulla,
818 3348 921 3422 quos
948 3323 1083 3423 pascit
1111 3324 1243 3422 quies:

397 3429 658 3528 Tranquillus
688 3433 931 3505 oooumbam
959 3455 1095 3506 sonex.

795 3850 855 3916 IV.

428 4010 700 4089 PROMISSA
727 4013 879 4091 VANA
907 4015 977 4091 ET
1004 4016 1189 4093 MINAE.

288 4169 397 4261 Quid
415 4170 648 4270 polliceris?
678 4171 776 4270 quid
796 4173 999 4249 minaris?
1030 4174 1128 4275 quid
1146 4175 1297 4267 fremis,
1316 4189 1361 4244 fol.
1376 4185 1418 4242 u*-

393 4277 452 4354 Ut
477 4278 656 4353 rusticus
684 4279 781 4353 vino
811 4282 1014 4357 madens?

284 4382 472 4458 Nummis
502 4385 700 4475 abundas
731 4411 876 4461 aureos
905 4397 1067 4464 montes
1097 4415 1252 4491 crepas

392 4489 475 4566 Sed
503 4494 601 4567 orbo
628 4498 769 4568 nostro
800 4493 976 4571 dissitos.
