3164 5154
530 246 603 303 LIB.
620 245 676 302 III.
694 247 775 304 1-3.

176 447 266 523 Pax
294 446 406 522 alma
432 446 609 523 Martem
638 443 877 523 Sarmaticis
905 446 1048 546 prooul

176 553 412 631 Proscribet
439 552 559 645 arvis,
590 552 786 651 Odrysios
808 558 925 628 metu

230 659 313 736 Sed
339 659 499 759 repleat
525 658 712 751 Bellona,
744 658 938 735 Mosohos

282 764 474 842 Terribili
499 763 623 842 feriat
647 765 778 842 ruina.

177 924 386 1001 Germana
412 926 542 1026 pubes
572 924 717 1000 oedere
744 925 886 1000 nescia

177 1031 397 1133 Conspiret
424 1032 548 1107 armis
578 1038 620 1107 et
647 1031 832 1107 Venetus
859 1031 937 1124 160,

229 1139 287 1216 Ut
314 1137 441 1238 pestis
469 1138 677 1239 Europam
704 1137 910 1237 relinquat

280 1246 335 1320 Et
361 1244 543 1320 tumidus
572 1244 694 1320 simul
721 1244 865 1320 horror
894 1246 1046 1320 orbem.

619 1755 683 1821 HL

278 1953 485 2030 MILI'l'IA
511 1950 613 2030 EST
642 1952 772 2027 VITA
799 1950 1032 2030 NOSTRA.

175 2166 338 2242 Bellum
366 2164 605 2265 gerendum,
633 2163 808 2238 militiae
837 2162 935 2238 dare
1147 2176 1268 2235 101811·

175 2273 337 2350 Nomen
364 2271 561 2347 iubemur.
619 2269 750 2361 Quid?
780 2269 913 2369 clipeo
941 2269 1049 2345 latus

228 2379 403 2471 Munire,
432 2377 538 2454 ferro
568 2402 728 2453 armare
758 2376 957 2468 dextram,

282 2484 418 2584 Regia
445 2491 581 2560 eastra
609 2483 745 2559 subire
774 2484 967 2583 oportet?

175 2646 327 2722 Hostes
355 2668 552 2744 proeaees
580 2643 761 2742 undique
788 2646 1029 2741 provocant:

178 2751 382 2843 Clamant,
411 2750 633 2842 minantur,
662 2747 874 2824 blanditiis
904 2754 1045 2847 agunt,

229 2859 278 2933 In
306 2857 411 2933 retia
438 2865 486 2934 ut
513 2856 713 2931 ducamur
741 2860 846 2947 astu,

284 2964 465 3040 Turbine
492 2964 558 3039 vel
586 2961 723 3038 valido
752 2985 928 3037 ruamus.

177 3123 261 3202 Sed
286 3148 410 3199 nemo
439 3128 556 3198 motu
583 3120 801 3223 praeeipiti
828 3125 947 3220 petat

177 3230 380 3332 Campum
409 3230 614 3305 calentem
644 3227 855 3328 sanguine,
887 3227 1091 3318 oaedibuS,

229 3338 291 3414 Ne
319 3336 474 3411 viribus
504 3335 682 3411 oonfisus
711 3335 833 3410 ardor

282 3444 485 3523 Ultimum
514 3442 557 3516 in
586 3441 757 3517 exitium
784 3439 949 3516 feratur.

178 3606 346 3683 Certare
373 3602 496 3677 velox
524 3600 693 3676 insidias
723 3625 824 3676 eave

176 3710 322 3813 Vulpis
350 3709 526 3785 dolosas.
584 3707 702 3784 Stare
730 3707 819 3783 aoie
845 3704 962 3783 ferox

232 3817 388 3894 Contra
413 3816 577 3891 leonem
606 3840 689 3890 non
715 3813 897 3914 pavebis,

285 3923 330 4001 Si
358 3923 479 4023 galea
507 3928 632 4022 eaput
660 3925 889 4020 obtegatur.

178 4081 332 4160 Verum
360 4081 570 4157 ministros
599 4079 780 4155 subsidio
811 4078 873 4155 oie

178 4189 378 4266 Caelestis
407 4188 535 4279 aulae,
565 4186 727 4264 fortiter
753 4186 888 4287 arripe

231 4295 402 4372 Soutum
432 4293 590 4370 salutis:
622 4294 682 4369 sio
710 4293 940 4394 triumphus

283 4403 337 4478 Et
363 4401 507 4477 niveus
535 4400 701 4501 sonipes
730 4407 933 4500 sequetur.
