3164 5154
702 204 916 263 CARMINUM

730 477 881 543 XXVII.

209 677 283 754 AD
312 676 567 754 TULLIUM:
597 675 879 753 INVITATIO
907 675 981 753 AD
1011 639 1393 790 SOLITUDINEM.

327 854 448 948 Tulli,
488 879 673 930 meorum
710 854 840 953 prime
878 855 1091 946 sodalium,
1288 871 1424 926 f01.12=·

329 962 434 1037 Cum
464 987 544 1061 quo
572 961 764 1037 recordor
796 962 971 1038 condere
999 988 1066 1036 me
1095 961 1181 1038 dies

381 1071 551 1167 Longos
588 1066 833 1167 frequenter,
873 1068 969 1142 dum
1006 1069 1156 1144 virenti

436 1177 490 1250 Et
527 1182 671 1251 tenera
707 1175 818 1273 vigui
856 1175 1046 1252 iuventa:

328 1335 449 1409 Nune
488 1336 666 1411 solitudo
694 1360 760 1410 me
798 1335 910 1434 capit
946 1335 1066 1410 unice

328 1442 445 1516 Inter
483 1441 679 1517 librorum
715 1442 867 1517 blanda
904 1442 1126 1535 volumina,

384 1547 593 1624 Solacium
632 1548 721 1623 miti
759 1555 963 1639 senectae,

436 1655 640 1731 Delicium
678 1655 808 1729 niveis
847 1655 1016 1756 capillis,

327 1814 409 1890 Hic
441 1815 527 1890 vito
564 1814 740 1905 fraudes
778 1815 960 1906 insidiae,
999 1814 1124 1906 dolos,

330 1920 430 2011 Quis
441 1922 557 2020 plebs
572 1922 765 2014 abundat,
784 1922 873 2020 quis
887 1922 1181 1998 nitoraulieus:

383 2027 464 2103 Hic
502 2027 622 2103 fallar
659 2055 684 2105 a
718 2030 832 2104 nullo
869 2055 948 2104 nee
984 2030 1112 2104 ullum

436 2135 598 2211 Fallere
635 2162 701 2211 me
738 2135 894 2211 alliciet
932 2136 1093 2236 cupido.

330 2295 560 2393 Utrumque
588 2295 774 2371 foedum:
809 2295 1009 2371 stultitiae
1039 2303 1182 2391 notam

330 2402 469 2479 Unum
506 2408 696 2494 meretur,
735 2403 931 2502 perfidiae
969 2402 1162 2495 alterum3

384 2508 569 2607 Utroque
606 2510 714 2585 laedi
752 2510 871 2585 dulce
909 2534 1049 2584 sacrae

437 2615 598 2691 Nomen
637 2616 845 2691 amicitiae
878 2617 1075 2692 videmus,

331 2775 440 2850 Hinc
481 2777 593 2852 celsa
629 2775 750 2850 velox
788 2777 928 2850 desere
965 2775 1132 2850 moenia

330 2883 384 2957 Et
421 2908 515 2957 rura
552 2907 715 2956 mecum
751 2883 810 2956 nil
847 2890 1034 2957 metuens
1073 2882 1181 2957 cole:

385 2989 479 3064 Huc
519 3014 616 3064 cura
652 3015 736 3065 non
773 2989 947 3063 transire
984 2989 1158 3064 mordax

440 3097 528 3171 Nec
556 3096 709 3195 poterit
742 3097 958 3196 prohibere
987 3120 1185 3170 somnum.

727 3628 898 3694 XXVIII.

296 3829 370 3906 ΑΙ)
402 3828 732 3906 FAUSTINUM:
762 3824 980 3903 SANCTA
1010 3822 1339 3901 MORITURUM

544 3950 832 4029 DESIDERIA
862 3949 1087 4027 DECERE.
1340 4067 1412 4123 112

1308 4069 1358 4123 fo.
1414 4077 1429 4106 τ·

175 4165 375 4268 Deposcis
413 4189 605 4241 numeros
644 4164 779 4264 gelido
817 4163 901 4239 iam
939 4163 1139 4259 sanguine
1175 4162 1368 4237 nostros?

281 4273 487 4350 Historias
526 4278 569 4348 et
605 4271 786 4348 carmina
823 4270 1014 4346 mittam?

174 4381 360 4458 Plurima
396 4379 643 4455 scribentem
681 4380 875 4467 celebras,
912 4376 1135 4451 Faustine:
1174 4376 1335 4450 labores

281 4487 403 4564 Dulci
441 4485 574 4563 laudis
611 4488 766 4563 honore
803 4509 1008 4585 repensae.
