3164 5154
728 248 937 305 clamatu

772 463 855 528 XX.

345 608 628 686 INVITATIO
657 608 730 685 AD
759 608 1051 686 FRUGALEM
1081 608 1283 688 CENAM.

387 768 457 844 Ad
485 769 610 869 dapes
637 794 790 869 paucas
818 769 958 845 venies
984 770 1152 847 Falerni
1328 786 1378 843 fol.
1399 791 1433 844 9¹·

388 875 475 951 Nec
503 876 619 951 bibes
648 876 843 950 multum:
873 876 1012 976 potius
1039 877 1229 953 Platonis

388 982 575 1059 Disseres
604 982 750 1074 verbis,
780 1008 897 1058 roseo
928 983 1135 1060 revinctus

496 1090 701 1187 Tempora
729 1096 850 1165 serto.

388 1249 521 1324 Posce
550 1247 747 1324 fecundos
776 1249 927 1325 calices
956 1249 999 1323 in
1029 1250 1124 1325 aula

388 1354 515 1454 Regis
530 1357 779 1431 accumbens
790 1381 1005 1456 procerum
1016 1358 1082 1432 vel
1094 1356 1242 1457 amplis

389 1461 593 1537 Aedibus:
622 1462 743 1537 nobis
770 1463 886 1563 pueri
914 1463 1150 1539 ministrent

495 1569 653 1644 Pocula
682 1593 817 1668 parca.

390 1726 471 1817 Qui
498 1727 620 1802 nimis
648 1734 768 1828 potat
795 1728 967 1804 rationis
997 1754 1156 1831 expers,

389 1835 573 1911 Suscitat
599 1834 708 1909 rixas
738 1842 780 1910 et
808 1836 943 1911 amica
970 1861 1138 1912 mensae

388 1941 485 2016 Iura
513 1941 710 2034 dissolvit,
745 1942 915 2017 meritus
944 1943 1083 2018 vocari

496 2048 658 2147 Hospes
688 2048 862 2148 iniquus.

391 2206 561 2281 Gratiae
589 2207 775 2307 praesint
802 2208 962 2306 cyathis
991 2209 1185 2284 decentes

390 2314 443 2388 Et
471 2312 581 2388 sitim
608 2314 768 2413 pellant
794 2315 969 2390 modicis
999 2315 1178 2409 culullis;

390 2419 497 2494 Nam
525 2420 629 2494 nihil
656 2422 814 2512 secreti,
844 2422 914 2497 ubi
943 2430 1039 2497 sunt
1066 2422 1206 2521 Lyaeo

498 2527 634 2603 Corda
662 2529 806 2604 soluta.

390 2684 545 2760 Atticis
574 2692 737 2785 gratum
767 2687 919 2763 salibus
948 2687 1075 2763 iocari

390 2792 444 2867 Et
471 2792 593 2866 simul
620 2794 751 2869 sancti
781 2793 1016 2869 meminisse
1045 2794 1213 2888 amoris;

389 2897 489 2974 Vita
516 2899 575 2973 sic
603 2901 824 2999 tranquilla
850 2901 962 2993 fluet,
992 2925 1136 2977 serena

495 3003 560 3080 Αο
589 3006 676 3081 sine
704 3010 825 3081 nube.

395 3554 641 3632 INVIDIAE
668 3556 864 3633 DAMNA
892 3557 963 3634 ET
991 3555 1232 3635 MAEROR.

386 3713 552 3789 Nullam
580 3715 794 3807 laetitiam,
832 3716 1012 3807 Rustice,
1044 3717 1238 3817 concipis,
1341 3714 1382 3768 '⁰·
1432 3736 1437 3746 ’

386 3819 620 3920 Numquam
650 3822 825 3897 sollicito
855 3824 1007 3921 gaudia
1034 3830 1221 3924 pectore:

440 3927 568 4003 Redit
595 3927 754 4004 viscera
782 3929 885 4004 livor

493 4033 632 4134 Atque
661 4042 780 4111 atrox
808 4036 991 4111 animum
1020 4037 1146 4114 dolor.

386 4190 492 4268 Cum
521 4218 584 4267 res
613 4193 781 4268 alterius
811 4217 996 4269 crescere
1026 4192 1209 4269 cernitur

385 4296 473 4372 Aut
500 4297 666 4375 fortuna
693 4299 796 4373 alius
827 4300 974 4375 celsius
1005 4300 1134 4392 evehi,

440 4405 624 4503 Torquet
651 4431 787 4505 poena
815 4412 996 4497 cruenta,

492 4510 638 4586 Dirum
668 4513 914 4613 supplicium
944 4513 1143 4589 imminet.
