3164 5154
703 229 910 286 SILVARUM

381 428 594 503 Aerumna
618 454 843 529 numquam
873 430 1025 507 deiciat
1053 438 1190 526 statu;

381 534 621 636 Tranquillo
649 536 704 612 sit
728 562 846 612 mens
875 543 918 612 et
944 538 1152 640 patientia

434 642 610 717 Aestum
637 643 826 743 repellat:
855 643 961 722 ferre
991 645 1140 721 durum

488 748 532 825 Si
561 748 658 849 quid
686 750 774 841 erit,
803 751 933 828 levius
962 752 1134 830 dolebis,

382 910 561 985 Gentem
589 911 753 986 fidelem
781 912 951 1012 respice,
982 913 1191 990 Caelitum

382 1016 559 1093 Coetum
586 1042 767 1093 recense:
796 1019 956 1094 difficili
983 1020 1052 1095 via

434 1123 557 1199 Diras
585 1149 659 1224 per
687 1125 817 1200 undas
847 1151 895 1201 ac
923 1127 1126 1228 procellas

490 1230 703 1307 Sidereum
731 1232 906 1331 tetigere
934 1242 1112 1334 portum.

735 1552 893 1560 ———

735 1831 886 1898 XXVII.

284 2045 500 2126 TURCAE
528 2046 678 2125 VICTI
706 2048 918 2125 BEATAE
946 2048 1191 2128 VIRGINIS
1221 2050 1331 2128 OPE.

383 2260 545 2358 Regino
572 2260 701 2359 virge,
733 2260 989 2336 Christiadas
1018 2269 1126 2360 tege,
1280 2278 1327 2332 fol.
1345 2277 1396 2334 us

383 2368 555 2467 Depelle
584 2368 764 2442 Thraces
792 2368 941 2443 finibus
971 2393 993 2443 e
1020 2370 1116 2459 tuis,

437 2475 665 2573 Compesce
693 2477 857 2549 turbam
884 2475 1131 2574 rugientem,

490 2581 712 2656 Caesareas
741 2581 898 2680 aquilas
925 2589 1052 2658 tuere.

382 2743 502 2817 Mixti
531 2742 704 2818 rebelles
731 2742 971 2817 Bistonibus
999 2749 1144 2818 ruunt:

382 2850 611 2925 Excindere
641 2875 741 2940 arus,
768 2848 936 2949 templa,
966 2848 1082 2924 focos
1111 2857 1272 2950 parant,

437 2958 586 3031 Delere
615 2955 814 3031 festinant
843 2955 1033 3032 cohortes

488 3063 690 3138 Funditus
721 3069 763 3138 et
789 3064 988 3163 populum
1015 3062 1194 3138 fidelem.

383 3224 599 3298 Audimur.
658 3223 796 3299 Astris
824 3223 1003 3298 mittitur
1030 3224 1167 3299 aureis

386 3330 574 3406 Caeleste
603 3335 738 3422 robur,
768 3336 939 3429 pectora
967 3330 1152 3406 concitat

441 3439 669 3512 Germana:
701 3445 869 3512 sumunt
896 3462 1021 3530 arma,
1051 3436 1183 3513 fervet

489 3545 697 3619 Proelium
726 3550 768 3619 et
796 3543 993 3642 Odrysiae
1022 3553 1215 3622 catervae

387 3704 645 3793 Stemuntur,
676 3712 723 3778 ut
753 3730 845 3778 curn
875 3703 959 3778 falx
987 3710 1173 3804 segetem
1201 3705 1321 3781 metit

385 3813 593 3887 Maturam
623 3812 666 3885 in
695 3810 804 3886 arvis
832 3810 997 3886 rustica.
1055 3812 1227 3888 Barbari

441 3919 681 3993 Caeduntur
710 3943 864 4007 omnes,
896 3943 998 4017 quos
1029 3925 1199 3995 cruento

492 4026 585 4100 Non
614 4025 713 4122 fuga
743 4024 937 4124 surripuit
963 4026 1130 4125 periclo.

388 4186 484 4258 Dux
512 4185 600 4284 ipse
628 4210 825 4285 praeceps
855 4185 1007 4260 deserit
1035 4185 1205 4284 agmina

385 4294 556 4366 Terrore
584 4293 739 4392 plenus,
770 4292 942 4368 consilio
972 4318 1133 4385 carens3

439 4400 530 4474 Hoc
559 4406 694 4475 motus
724 4400 910 4499 exemplo
940 4400 1105 4475 satelles

493 4507 663 4605 Expetit
691 4533 714 4581 a
742 4507 914 4608 pedibus
943 4507 1130 4582 salutem.
1398 4548 1415 4588 ι
