3164 5154
691 223 897 279 SILVARUM

729 524 867 590 XVIII.

351 740 530 815 VERBA
559 738 841 817 cernens
872 702 1255 817 APPENDENDA.

319 951 462 1027 Sermo
491 976 577 1027 non
597 957 764 1027 constat
781 951 927 1052 pretio,
958 952 1031 1026 sed
1050 960 1179 1052 auget
1291 967 1341 1023 fot
1357 968 1404 1024 93ι

317 1058 498 1133 Maxime
527 1058 644 1134 dotes
673 1057 851 1134 hominis
879 1059 1055 1151 venusti,

318 1163 362 1240 Si
390 1164 537 1256 brevis,
566 1189 727 1265 pareus,
756 1165 859 1241 fluat
887 1166 1097 1266 eloquenti

425 1272 577 1347 Gratus
607 1273 659 1347 ab
689 1296 774 1347 ore:

318 1431 397 1521 Qui
426 1455 566 1506 senem
596 1430 804 1530 quondam
833 1430 997 1530 Pylium
1027 1432 1205 1507 decebat

317 1535 405 1613 Aut
431 1538 525 1629 tuis,
554 1537 733 1636 prudens
761 1538 960 1629 Menelae‚
989 1538 1115 1613 labris

318 1644 443 1734 Sedit,
471 1644 686 1741 indignum
714 1643 875 1719 Paridis
903 1644 1092 1743 procacis

424 1750 601 1840 Questus
631 1775 826 1825 amorem.

317 1908 456 1984 Verba
482 1934 535 1984 ne
562 1909 711 2008 perdas
741 1909 835 1984 odio
864 1911 930 1985 vel
957 1911 1026 2004 ira,

315 2014 475 2090 Litibus
505 2016 657 2090 crebris
685 2017 750 2090 vel
779 2041 919 2091 amore
947 2041 1076 2093 vano:

317 2121 379 2195 Ne
407 2120 529 2196 minis
559 2122 701 2198 eredas
730 2123 888 2222 patriae
915 2123 1060 2222 repelli

422 2227 594 2302 Finibus
622 2228 794 2303 hostem.

316 2386 480 2484 Lingua
508 2387 689 2462 custodit
717 2387 880 2488 sapiens
907 2389 1117 2479 honorem,

315 2493 507 2568 Dedecus
536 2518 740 2568 summurn
769 2494 917 2570 tribuit
943 2501 1149 2595 proterva:

318 2598 426 2675 Orbe
456 2600 524 2699 qui
552 2601 695 2699 magni
724 2600 838 2701 cupis
867 2601 1088 2694 aestimari,

422 2708 565 2782 Pauca
592 2707 772 2806 loquare.

749 3306 850 3374 XIX.

450 3521 761 3598 PAUPERTAS
791 3520 1135 3602 CONTEMPTA.

313 3733 566 3831 Paupertate
593 3733 800 3808 modestia
1279 3749 1323 3804 fol.
1337 3746 1376 3802 94¹·

419 3838 581 3938 Stipata
610 3848 653 3914 et
679 3840 790 3914 nivei
816 3840 894 3916 flos
924 3839 1052 3915 animi
1079 3841 1221 3941 pudor,

312 3946 428 4018 Mens
458 3945 576 4020 iussis
603 3946 774 4021 Domini
802 3951 1030 4047 obsequens

416 4052 602 4128 Fortuna
631 4052 771 4128 eximii
799 4054 982 4130 maxima
1010 4053 1065 4130 sit
1090 4055 1178 4129 viri.

313 4157 459 4234 Servat
486 4166 624 4235 cetera
650 4160 831 4253 Mucius;

418 4267 601 4364 Torquet
628 4267 850 4343 sollicitum
879 4292 977 4342 cura
1004 4267 1219 4367 pecuniae:

311 4375 438 4447 Totos
467 4374 642 4448 devovet
668 4374 765 4450 huie
794 4374 882 4448 dies

416 4481 470 4554 Et
497 4488 640 4554 noctes
670 4481 814 4556 studiis
843 4481 1016 4556 assiduis
1046 4487 1190 4557 sacrat.
