3164 5154
568 259 644 315 LIB.
661 259 717 314 111.
737 262 852 317 17-19.

177 457 282 533 Post
308 455 437 532 vitam
465 457 595 558 recipi
622 459 801 533 brevem.

285 561 366 638 Sed
393 562 553 639 tristem
583 564 810 640 exanimis
840 589 963 641 nemo
994 567 1241 666 cupidinem,

175 671 306 745 Nemo
335 669 439 744 iram
467 676 592 770 atque
622 670 707 745 odii
734 671 869 747 minas

285 775 454 851 Evellit:
482 775 630 851 vitium
658 784 827 876 pectore
855 776 1047 879 pertinax
1324 836 1338 876 a

175 882 332 957 Haeret
358 905 437 957 nee
463 880 576 958 facili
604 883 692 959 lues

285 987 448 1064 Conatu
476 987 610 1064 dubiis
638 989 791 1088 migrat
818 992 870 1065 ab
899 990 1080 1066 aedibus.

178 1095 298 1185 Quod
326 1094 591 1171 commissum
618 1096 744 1171 hodie
773 1095 909 1185 doles,
1007 1140 1009 1144 ‚

282 1201 577 1301 Expungisque
606 1201 751 1295 scelus,
782 1227 871 1278 cras
899 1203 1048 1280 iterum
1076 1204 1184 1281 redit
1312 1261 1337 1298 η

176 1308 229 1383 Et
256 1308 363 1382 vires
392 1307 525 1384 sociat
552 1308 630 1383 sibi
936 1339 938 1343 ·

283 1413 462 1489 Maiores
491 1414 625 1514 Stygii
652 1413 851 1515 principis
879 1415 1047 1491 artibus.

176 1520 321 1595 Nullus
350 1520 445 1595 finis
472 1520 680 1596 amoribus

284 1626 371 1701 Nec
400 1625 532 1703 foedis
559 1626 734 1705 Veneris
764 1651 856 1701 cum
884 1652 1010 1728 puero
1039 1628 1153 1705 iocis.
1312 1682 1339 1722 ,0

178 1732 295 1809 Sicut
321 1732 490 1808 flamma
517 1734 707 1810 voracior

283 1838 422 1916 Vertit
450 1866 543 1917 cum
572 1839 714 1916 solidis
742 1839 908 1915 moenia
935 1841 1125 1934 turribus,

180 1947 331 2024 Orbem
361 1946 456 2023 diva
482 1954 630 2048 potens
660 1945 784 2047 prri

286 2051 354 2128 Sic
383 2060 520 2130 totum
546 2052 672 2131 fatuis
700 2062 940 2131 concremat
967 2050 1142 2154 ignibus.

179 2159 239 2235 At
268 2158 397 2235 stellis
425 2167 568 2236 tamen
597 2160 722 2236 inseri

284 2266 481 2342 Mortales
509 2266 681 2367 cupiunt
707 2271 804 2367 post
830 2266 1016 2368 Paphias
1044 2266 1181 2343 faces?

178 2372 245 2447 Ni]
273 2371 352 2464 hic,
383 2373 550 2467 credite,
583 2373 792 2448 sordidum

286 2477 374 2554 Aut
400 2503 589 2580 sparsum
615 2480 788 2555 maculis
817 2478 1029 2578 excipitur.
1086 2479 1182 2555 Poli
1326 2535 1341 2572 4

178 2584 295 2659 Haec
323 2586 391 2659 lex
419 2586 573 2685 scripta
599 2586 841 2686 penatibus:

287 2688 380 2767 Sint
405 2698 567 2769 mentes
594 2692 753 2782 niveae,
783 2715 956 2793 corpora
984 2692 1181 2787 candida3

180 2797 343 2872 Naevus
369 2798 517 2875 noxius
546 2798 686 2905 aspici,

285 2905 448 2980 Naevus
477 2904 676 2981 sideribus
705 2904 882 2980 dedecus
912 2904 1082 2981 exsulet.

181 3009 347 3085 Crimen
375 3011 572 3111 perfidiae
600 3036 754 3110 vagum

285 3117 448 3216 Regum
475 3117 752 3217 magnanimis
778 3116 1001 3218 perstrepit
1027 3117 1153 3211 atriis,

178 3222 346 3297 Molitur
373 3223 611 3323 regionibus

288 3328 430 3404 Multis
459 3330 641 3422 exitium,
672 3330 817 3406 vendit
845 3336 888 3405 et
915 3329 1086 3429 oppida:

179 3436 232 3511 Et
260 3435 431 3511 tandem
459 3435 654 3512 aetheriis
683 3436 818 3536 plagis

287 3541 340 3618 Se
367 3540 526 3641 fulgere
553 3547 675 3643 putat
701 3542 887 3642 proditor
914 3542 1095 3641 impius?

178 3649 273 3723 Non
302 3647 360 3722 sic
387 3648 596 3723 tendimus
626 3649 680 3725 ad
709 3649 842 3741 deum,

287 3753 381 3829 Non
409 3753 468 3830 sic
495 3755 705 3855 perpetuis
734 3761 845 3831 astra
872 3755 1075 3832 rotatibus

177 3858 419 3936 Dilabentia
445 3861 695 3961 prendimus

287 3965 339 4040 Ni
368 3965 422 4041 sit
449 3992 565 4042 mens
594 3967 732 4067 gelida
761 3967 974 4043 candidior
1000 3967 1109 4043 nive.
