3164 5154
660 1203 688 1270 Ι.

176 1433 387 1513 SACRAE
416 1433 755 1514 SCRIPTURAE
783 1437 1170 1514 PRAESTANTIA.

195 1646 328 1737 Quam
356 1647 444 1722 vita
471 1646 599 1722 fallax
627 1647 776 1723 indolis
805 1654 868 1723 est
894 1648 1031 1722 rudis!
1168 1661 1219 1718 fol.
1237 1663 1290 1720 87¹·

197 1753 331 1844 Quam
360 1755 499 1850 stulta,
528 1779 672 1829 vecors
700 1753 857 1853 ingenii
884 1755 1039 1829 trucis!

247 1860 357 1936 Hine
383 1859 573 1935 liberales
605 1860 726 1936 discit
754 1868 863 1936 artes

303 1965 640 2065 Castalidumque
669 1967 838 2042 chorum
866 1966 1102 2066 frequentat
1289 2020 1303 2059 4

195 2144 357 2219 Ardens
385 2144 587 2235 Melissus,
618 2168 697 2242 quo
726 2143 886 2244 patriae
916 2169 1014 2219 suae

195 2251 398 2325 Prodesse
426 2249 558 2350 possit
585 2275 754 2325 munere
782 2250 960 2351 publico,

247 2359 441 2433 Formare
469 2381 603 2432 mores
632 2355 685 2431 ad
711 2357 890 2432 nitorem
919 2363 962 2432 et

302 2464 395 2538 Non
425 2462 591 2538 dubiam
620 2462 763 2564 populi
792 2463 981 2538 salutem.

194 2640 370 2741 Inquirit
397 2640 482 2716 aeri
510 2639 718 2737 indagine,
752 2639 851 2739 quid
877 2647 996 2716 vetus

195 2746 404 2823 Decernat
433 2753 560 2840 aetas,
589 2751 734 2822 nostra
763 2746 860 2845 quid
888 2746 1056 2836 ambiat,

250 2853 427 2928 Gestura
456 2853 652 2953 quidnam
680 2853 734 2927 sit
760 2851 910 2945 futura,

302 2959 485 3036 Consilio
515 2966 562 3035 ut
589 2965 779 3060 penetret
807 2959 959 3058 sagaci.

195 3137 376 3211 Tantum
404 3134 597 3235 profanos
627 3136 805 3211 consulit
832 3142 876 3210 at
904 3135 1030 3210 libres

196 3244 249 3318 Et
275 3242 463 3342 neglegit
491 3242 631 3317 divina
657 3242 879 3334 volumina,

248 3348 316 3423 Ad
343 3349 528 3448 regulam
558 3349 647 3448 quis
676 3349 829 3448 scripta
857 3348 944 3422 veri

304 3455 454 3531 Omnia
481 3456 606 3530 Patre
635 3455 802 3530 iubente
832 3479 1003 3528 summe.

195 3632 312 3707 Haec
341 3632 483 3707 sedulo
513 3639 707 3722 scrutare,
736 3656 853 3731 puer;
884 3629 970 3703 dies

196 3739 430 3837 Noctesque
459 3738 586 3813 saeris
615 3737 775 3837 legibus
803 3737 991 3836 improbo

249 3845 449 3944 Impende
477 3847 638 3920 sudore:
669 3844 733 3919 his
761 3842 953 3943 perennis

303 3951 403 4029 Vita
428 3954 553 4027 beata
579 3958 749 4051 paratur
776 3949 880 4026 aevi.

197 4129 397 4229 Exempla
425 4127 570 4203 saeclis
599 4132 795 4226 suggeret
823 4124 1013 4200 omnibus

195 4235 366 4311 Dictata
394 4240 537 4310 sancto
566 4233 720 4334 pagina
749 4231 924 4333 Spiritu:

251 4341 427 4416 Punitur
455 4340 523 4415 hic
550 4339 681 4415 fastus
709 4346 979 4439 tyrannorum

303 4448 356 4524 Et
384 4448 584 4523 scelerum
614 4447 860 4521 metuendus
888 4445 1045 4535 horror;

1176 4562 1211 4615 13
