<?xml version="1.0" encoding="UTF-8"?>
<!DOCTYPE html PUBLIC "-//W3C//DTD XHTML 1.0 Transitional//EN"
    "http://www.w3.org/TR/xhtml1/DTD/xhtml1-transitional.dtd">
<html xmlns="http://www.w3.org/1999/xhtml" xml:lang="en" lang="en">
 <head>
  <title>
</title>
<meta http-equiv="Content-Type" content="text/html;charset=utf-8" />
  <meta name='ocr-system' content='tesseract 3.04.00' />
  <meta name='ocr-capabilities' content='ocr_page ocr_carea ocr_par ocr_line ocrx_word'/>
</head>
<body>
  <div class='ocr_page' id='page_1' title='image "./psimonrettenbac00lehngoog/psimonrettenbac00lehngoog_0377.png"; bbox 0 0 3164 5154; ppageno 0'>
   <div class='ocr_carea' id='block_1_1' title="bbox 703 248 908 306">
    <p class='ocr_par' dir='ltr' id='par_1_1' title="bbox 703 248 908 306">
     <span class='ocr_line' id='line_1_1' title="bbox 703 248 908 306; baseline 0.01 -2"><span class='ocrx_word' id='word_1_1' title='bbox 703 248 908 306; x_wconf 76' lang='lat' dir='ltr'><strong>SILVARUM</strong></span> 
     </span>
    </p>
   </div>
   <div class='ocr_carea' id='block_1_2' title="bbox 383 449 1156 870">
    <p class='ocr_par' dir='ltr' id='par_1_2' title="bbox 384 449 1156 551">
     <span class='ocr_line' id='line_1_2' title="bbox 384 449 1156 551; baseline 0.001 -26"><span class='ocrx_word' id='word_1_2' title='bbox 384 451 480 526; x_wconf 90' lang='lat' dir='ltr'>Rite</span> <span class='ocrx_word' id='word_1_3' title='bbox 509 475 609 524; x_wconf 92' lang='lat' dir='ltr'>num</span> <span class='ocrx_word' id='word_1_4' title='bbox 637 474 766 525; x_wconf 85' lang='lat' dir='ltr'>noxas</span> <span class='ocrx_word' id='word_1_5' title='bbox 795 449 986 549; x_wconf 78' lang='lat' dir='ltr'>precibus</span> <span class='ocrx_word' id='word_1_6' title='bbox 1015 450 1156 551; x_wconf 88' lang='lat' dir='ltr'>piaris,</span> 
     </span>
    </p>

    <p class='ocr_par' dir='ltr' id='par_1_3' title="bbox 384 556 1141 657">
     <span class='ocr_line' id='line_1_3' title="bbox 384 556 1141 657; baseline 0 -25"><span class='ocrx_word' id='word_1_7' title='bbox 384 559 500 632; x_wconf 89' lang='lat' dir='ltr'>Iussa</span> <span class='ocrx_word' id='word_1_8' title='bbox 527 556 706 657; x_wconf 83' lang='lat' dir='ltr'>supremi</span> <span class='ocrx_word' id='word_1_9' title='bbox 734 556 863 656; x_wconf 83' lang='lat' dir='ltr'>patris</span> <span class='ocrx_word' id='word_1_10' title='bbox 892 561 1141 634; x_wconf 74' lang='lat' dir='ltr'><strong>exsecutus?</strong></span> 
     </span>
    </p>

    <p class='ocr_par' dir='ltr' id='par_1_4' title="bbox 383 663 1155 870">
     <span class='ocr_line' id='line_1_4' title="bbox 383 663 1155 764; baseline 0.001 -26"><span class='ocrx_word' id='word_1_11' title='bbox 383 664 572 764; x_wconf 85' lang='lat' dir='ltr'>Fregeris</span> <span class='ocrx_word' id='word_1_12' title='bbox 602 663 769 756; x_wconf 83' lang='lat' dir='ltr'>crimen,</span> <span class='ocrx_word' id='word_1_13' title='bbox 800 665 933 740; x_wconf 88' lang='lat' dir='ltr'>scelus</span> <span class='ocrx_word' id='word_1_14' title='bbox 961 689 1155 740; x_wconf 88' lang='lat' dir='ltr'>amovere</span> 
     </span>
     <span class='ocr_line' id='line_1_5' title="bbox 491 770 854 870; baseline 0 -24"><span class='ocrx_word' id='word_1_15' title='bbox 491 770 672 870; x_wconf 80' lang='lat' dir='ltr'>Corpore</span> <span class='ocrx_word' id='word_1_16' title='bbox 700 772 854 847; x_wconf 88' lang='lat' dir='ltr'>sollers.</span> 
     </span>
    </p>
   </div>
   <div class='ocr_carea' id='block_1_3' title="bbox 384 913 1238 1311">
    <p class='ocr_par' dir='ltr' id='par_1_5' title="bbox 384 913 1238 1204">
     <span class='ocr_line' id='line_1_6' title="bbox 384 913 1095 990; baseline 0 -3"><span class='ocrx_word' id='word_1_17' title='bbox 384 915 451 990; x_wconf 85' lang='lat' dir='ltr'>lra</span> <span class='ocrx_word' id='word_1_18' title='bbox 478 915 655 990; x_wconf 91' lang='lat' dir='ltr'>turbarit</span> <span class='ocrx_word' id='word_1_19' title='bbox 681 916 745 989; x_wconf 84' lang='lat' dir='ltr'>vel</span> <span class='ocrx_word' id='word_1_20' title='bbox 775 913 926 990; x_wconf 83' lang='lat' dir='ltr'>auroris</span> <span class='ocrx_word' id='word_1_21' title='bbox 956 922 1095 989; x_wconf 88' lang='lat' dir='ltr'>aestus</span> 
     </span>
     <span class='ocr_line' id='line_1_7' title="bbox 384 1020 1238 1120; baseline 0.001 -25"><span class='ocrx_word' id='word_1_22' title='bbox 384 1021 583 1096; x_wconf 89' lang='lat' dir='ltr'>Lubricos</span> <span class='ocrx_word' id='word_1_23' title='bbox 613 1046 767 1110; x_wconf 89' lang='lat' dir='ltr'>sensus,</span> <span class='ocrx_word' id='word_1_24' title='bbox 798 1020 922 1095; x_wconf 90' lang='lat' dir='ltr'>timor</span> <span class='ocrx_word' id='word_1_25' title='bbox 950 1027 1022 1095; x_wconf 91' lang='lat' dir='ltr'>aut</span> <span class='ocrx_word' id='word_1_26' title='bbox 1051 1020 1238 1120; x_wconf 80' lang='lat' dir='ltr'>cupido?</span> 
     </span>
     <span class='ocr_line' id='line_1_8' title="bbox 385 1128 1012 1204; baseline -0.002 -1"><span class='ocrx_word' id='word_1_27' title='bbox 385 1129 547 1204; x_wconf 83' lang='lat' dir='ltr'>Sederit</span> <span class='ocrx_word' id='word_1_28' title='bbox 575 1128 686 1202; x_wconf 87' lang='lat' dir='ltr'>cordi</span> <span class='ocrx_word' id='word_1_29' title='bbox 716 1128 827 1203; x_wconf 89' lang='lat' dir='ltr'>rutili</span> <span class='ocrx_word' id='word_1_30' title='bbox 855 1128 1012 1204; x_wconf 90' lang='lat' dir='ltr'>metalli</span> 
     </span>
    </p>

    <p class='ocr_par' dir='ltr' id='par_1_6' title="bbox 491 1235 818 1311">
     <span class='ocr_line' id='line_1_9' title="bbox 491 1235 818 1311; baseline -0.006 0"><span class='ocrx_word' id='word_1_31' title='bbox 491 1235 667 1311; x_wconf 82' lang='lat' dir='ltr'>Sordida</span> <span class='ocrx_word' id='word_1_32' title='bbox 695 1237 818 1310; x_wconf 83' lang='lat' dir='ltr'>cura?</span> 
     </span>
    </p>
   </div>
   <div class='ocr_carea' id='block_1_4' title="bbox 384 1375 1215 1796">
    <p class='ocr_par' dir='ltr' id='par_1_7' title="bbox 384 1375 1215 1477">
     <span class='ocr_line' id='line_1_10' title="bbox 384 1375 1215 1477; baseline 0.001 -27"><span class='ocrx_word' id='word_1_33' title='bbox 384 1375 572 1451; x_wconf 86' lang='lat' dir='ltr'>Laeseris</span> <span class='ocrx_word' id='word_1_34' title='bbox 602 1377 807 1477; x_wconf 89' lang='lat' dir='ltr'>quendam</span> <span class='ocrx_word' id='word_1_35' title='bbox 834 1376 1022 1475; x_wconf 87' lang='lat' dir='ltr'>graviore</span> <span class='ocrx_word' id='word_1_36' title='bbox 1052 1377 1215 1466; x_wconf 84' lang='lat' dir='ltr'>damno,</span> 
     </span>
    </p>

    <p class='ocr_par' dir='ltr' id='par_1_8' title="bbox 385 1481 1148 1560">
     <span class='ocr_line' id='line_1_11' title="bbox 385 1481 1148 1560; baseline -0.003 0"><span class='ocrx_word' id='word_1_37' title='bbox 385 1483 611 1560; x_wconf 87' lang='lat' dir='ltr'>Commodo</span> <span class='ocrx_word' id='word_1_38' title='bbox 641 1508 695 1559; x_wconf 91' lang='lat' dir='ltr'>an</span> <span class='ocrx_word' id='word_1_39' title='bbox 723 1483 806 1558; x_wconf 89' lang='lat' dir='ltr'>fido</span> <span class='ocrx_word' id='word_1_40' title='bbox 834 1481 959 1558; x_wconf 86' lang='lat' dir='ltr'>fueris</span> <span class='ocrx_word' id='word_1_41' title='bbox 989 1483 1148 1558; x_wconf 81' lang='lat' dir='ltr'>sodali?</span> 
     </span>
    </p>

    <p class='ocr_par' dir='ltr' id='par_1_9' title="bbox 384 1590 1138 1796">
     <span class='ocr_line' id='line_1_12' title="bbox 384 1590 1138 1689; baseline 0 -23"><span class='ocrx_word' id='word_1_42' title='bbox 384 1592 516 1666; x_wconf 89' lang='lat' dir='ltr'>Recta</span> <span class='ocrx_word' id='word_1_43' title='bbox 545 1591 781 1689; x_wconf 83' lang='lat' dir='ltr'>complexus</span> <span class='ocrx_word' id='word_1_44' title='bbox 811 1590 978 1666; x_wconf 85' lang='lat' dir='ltr'>meliora</span> <span class='ocrx_word' id='word_1_45' title='bbox 1007 1615 1138 1689; x_wconf 89' lang='lat' dir='ltr'>spera,</span> 
     </span>
     <span class='ocr_line' id='line_1_13' title="bbox 493 1697 830 1796; baseline -0.003 -23"><span class='ocrx_word' id='word_1_46' title='bbox 493 1697 663 1796; x_wconf 82' lang='lat' dir='ltr'>Corrige</span> <span class='ocrx_word' id='word_1_47' title='bbox 693 1722 830 1796; x_wconf 87' lang='lat' dir='ltr'>prava.</span> 
     </span>
    </p>
   </div>
   <div class='ocr_carea' id='block_1_5' title="bbox 530 2053 1093 2275">
    <p class='ocr_par' dir='ltr' id='par_1_10' title="bbox 530 2053 1093 2275">
     <span class='ocr_line' id='line_1_14' title="bbox 782 2053 845 2116; baseline 0.016 -1"><span class='ocrx_word' id='word_1_48' title='bbox 782 2053 845 2116; x_wconf 85' lang='lat' dir='ltr'>IX.</span> 
     </span>
     <span class='ocr_line' id='line_1_15' title="bbox 530 2196 1093 2275; baseline 0 -3"><span class='ocrx_word' id='word_1_49' title='bbox 530 2196 664 2273; x_wconf 92' lang='lat' dir='ltr'>NOVI</span> <span class='ocrx_word' id='word_1_50' title='bbox 691 2199 825 2274; x_wconf 83' lang='lat' dir='ltr'>ANNI</span> <span class='ocrx_word' id='word_1_51' title='bbox 853 2197 1093 2275; x_wconf 88' lang='lat' dir='ltr'><strong>MUNERA.</strong></span> 
     </span>
    </p>
   </div>
   <div class='ocr_carea' id='block_1_6' title="bbox 387 2336 1447 2747">
    <p class='ocr_par' dir='ltr' id='par_1_11' title="bbox 387 2336 1447 2427">
     <span class='ocr_line' id='line_1_16' title="bbox 387 2336 1447 2427; baseline 0.011 -18"><span class='ocrx_word' id='word_1_52' title='bbox 387 2336 494 2427; x_wconf 75' lang='lat' dir='ltr'>Quid</span> <span class='ocrx_word' id='word_1_53' title='bbox 523 2337 598 2412; x_wconf 91' lang='lat' dir='ltr'>tibi</span> <span class='ocrx_word' id='word_1_54' title='bbox 627 2339 802 2426; x_wconf 82' lang='lat' dir='ltr'>mittam,</span> <span class='ocrx_word' id='word_1_55' title='bbox 833 2339 1040 2415; x_wconf 87' lang='lat' dir='ltr'>revolutus</span> <span class='ocrx_word' id='word_1_56' title='bbox 1071 2339 1179 2414; x_wconf 89' lang='lat' dir='ltr'>orbis</span> <span class='ocrx_word' id='word_1_57' title='bbox 1278 2353 1387 2408; x_wconf 74' lang='grc'>111111·</span> <span class='ocrx_word' id='word_1_58' title='bbox 1445 2380 1447 2421; x_wconf 76' lang='grc'>1</span> 
     </span>
    </p>

    <p class='ocr_par' dir='ltr' id='par_1_12' title="bbox 388 2444 1447 2533">
     <span class='ocr_line' id='line_1_17' title="bbox 388 2444 1447 2533; baseline 0.003 -15"><span class='ocrx_word' id='word_1_59' title='bbox 388 2445 490 2519; x_wconf 87' lang='lat' dir='ltr'>Cum</span> <span class='ocrx_word' id='word_1_60' title='bbox 520 2470 672 2519; x_wconf 84' lang='lat' dir='ltr'>novum</span> <span class='ocrx_word' id='word_1_61' title='bbox 700 2445 820 2521; x_wconf 92' lang='lat' dir='ltr'>nobis</span> <span class='ocrx_word' id='word_1_62' title='bbox 848 2445 1060 2522; x_wconf 76' lang='lat' dir='ltr'>revocabit</span> <span class='ocrx_word' id='word_1_63' title='bbox 1088 2471 1253 2533; x_wconf 84' lang='lat' dir='ltr'>annum,</span> <span class='ocrx_word' id='word_1_64' title='bbox 1445 2444 1447 2451; x_wconf 77' lang='grc'><strong>’</strong></span> 
     </span>
    </p>

    <p class='ocr_par' dir='ltr' id='par_1_13' title="bbox 387 2551 1232 2747">
     <span class='ocr_line' id='line_1_18' title="bbox 387 2551 1232 2651; baseline 0.008 -31"><span class='ocrx_word' id='word_1_65' title='bbox 387 2551 520 2650; x_wconf 67' lang='lat' dir='ltr'>Saepe</span> <span class='ocrx_word' id='word_1_66' title='bbox 550 2551 744 2651; x_wconf 76' lang='lat' dir='ltr'>quaesisti</span> <span class='ocrx_word' id='word_1_67' title='bbox 774 2577 852 2628; x_wconf 92' lang='lat' dir='ltr'>nec</span> <span class='ocrx_word' id='word_1_68' title='bbox 881 2553 1028 2644; x_wconf 88' lang='lat' dir='ltr'>adhuc,</span> <span class='ocrx_word' id='word_1_69' title='bbox 1059 2553 1232 2643; x_wconf 78' lang='lat' dir='ltr'>Tiburti,</span> 
     </span>
     <span class='ocr_line' id='line_1_19' title="bbox 493 2657 874 2747; baseline 0.008 -15"><span class='ocrx_word' id='word_1_70' title='bbox 493 2657 699 2747; x_wconf 80' lang='lat' dir='ltr'>Quaerere</span> <span class='ocrx_word' id='word_1_71' title='bbox 727 2684 874 2735; x_wconf 91' lang='lat' dir='ltr'>cessas.</span> 
     </span>
    </p>
   </div>
   <div class='ocr_carea' id='block_1_7' title="bbox 383 2800 1223 3197">
    <p class='ocr_par' dir='ltr' id='par_1_14' title="bbox 386 2800 1223 2902">
     <span class='ocr_line' id='line_1_20' title="bbox 386 2800 1223 2902; baseline 0.005 -30"><span class='ocrx_word' id='word_1_72' title='bbox 386 2800 494 2888; x_wconf 78' lang='lat' dir='ltr'>Quid</span> <span class='ocrx_word' id='word_1_73' title='bbox 523 2826 614 2875; x_wconf 87' lang='lat' dir='ltr'>meo</span> <span class='ocrx_word' id='word_1_74' title='bbox 644 2809 808 2899; x_wconf 87' lang='lat' dir='ltr'>praeter</span> <span class='ocrx_word' id='word_1_75' title='bbox 837 2803 1050 2900; x_wconf 86' lang='lat' dir='ltr'>speculum</span> <span class='ocrx_word' id='word_1_76' title='bbox 1080 2803 1223 2902; x_wconf 86' lang='lat' dir='ltr'>nepoti</span> 
     </span>
    </p>

    <p class='ocr_par' dir='ltr' id='par_1_15' title="bbox 383 2907 1116 3006">
     <span class='ocr_line' id='line_1_21' title="bbox 383 2907 1116 3006; baseline 0.003 -26"><span class='ocrx_word' id='word_1_77' title='bbox 383 2907 567 3006; x_wconf 82' lang='lat' dir='ltr'>Largiar,</span> <span class='ocrx_word' id='word_1_78' title='bbox 599 2933 669 2982; x_wconf 92' lang='lat' dir='ltr'>seu</span> <span class='ocrx_word' id='word_1_79' title='bbox 698 2908 759 2983; x_wconf 89' lang='lat' dir='ltr'>vis</span> <span class='ocrx_word' id='word_1_80' title='bbox 789 2909 901 2984; x_wconf 87' lang='lat' dir='ltr'>Curii</span> <span class='ocrx_word' id='word_1_81' title='bbox 931 2909 1116 2999; x_wconf 88' lang='lat' dir='ltr'>salinum,</span> 
     </span>
    </p>

    <p class='ocr_par' dir='ltr' id='par_1_16' title="bbox 384 3014 1137 3197">
     <span class='ocr_line' id='line_1_22' title="bbox 384 3014 1137 3114; baseline 0.003 -26"><span class='ocrx_word' id='word_1_82' title='bbox 384 3015 557 3089; x_wconf 89' lang='lat' dir='ltr'>Nescio:</span> <span class='ocrx_word' id='word_1_83' title='bbox 587 3040 671 3088; x_wconf 89' lang='lat' dir='ltr'>non</span> <span class='ocrx_word' id='word_1_84' title='bbox 700 3014 779 3091; x_wconf 85' lang='lat' dir='ltr'>fert</span> <span class='ocrx_word' id='word_1_85' title='bbox 806 3016 987 3114; x_wconf 86' lang='lat' dir='ltr'>pretiosa</span> <span class='ocrx_word' id='word_1_86' title='bbox 1014 3016 1137 3091; x_wconf 90' lang='lat' dir='ltr'>tellus</span> 
     </span>
     <span class='ocr_line' id='line_1_23' title="bbox 490 3122 841 3197; baseline 0.003 -2"><span class='ocrx_word' id='word_1_87' title='bbox 490 3122 661 3197; x_wconf 87' lang='lat' dir='ltr'>Munera</span> <span class='ocrx_word' id='word_1_88' title='bbox 688 3129 841 3197; x_wconf 90' lang='lat' dir='ltr'>nostra.</span> 
     </span>
    </p>
   </div>
   <div class='ocr_carea' id='block_1_8' title="bbox 385 3265 1176 3676">
    <p class='ocr_par' dir='ltr' id='par_1_17' title="bbox 385 3265 1176 3364">
     <span class='ocr_line' id='line_1_24' title="bbox 385 3265 1176 3364; baseline 0.005 -28"><span class='ocrx_word' id='word_1_89' title='bbox 385 3265 487 3355; x_wconf 86' lang='lat' dir='ltr'>Hoc,</span> <span class='ocrx_word' id='word_1_90' title='bbox 517 3273 564 3339; x_wconf 93' lang='lat' dir='ltr'>ut</span> <span class='ocrx_word' id='word_1_91' title='bbox 592 3290 804 3340; x_wconf 89' lang='lat' dir='ltr'>assuescas</span> <span class='ocrx_word' id='word_1_92' title='bbox 833 3265 997 3340; x_wconf 87' lang='lat' dir='ltr'>modico</span> <span class='ocrx_word' id='word_1_93' title='bbox 1027 3273 1176 3364; x_wconf 88' lang='lat' dir='ltr'>paratu</span> 
     </span>
    </p>

    <p class='ocr_par' dir='ltr' id='par_1_18' title="bbox 387 3372 1155 3471">
     <span class='ocr_line' id='line_1_25' title="bbox 387 3372 1155 3471; baseline 0.005 -29"><span class='ocrx_word' id='word_1_94' title='bbox 387 3372 482 3446; x_wconf 75' lang='lat' dir='ltr'>Esse</span> <span class='ocrx_word' id='word_1_95' title='bbox 512 3379 742 3461; x_wconf 83' lang='lat' dir='ltr'>contentus,</span> <span class='ocrx_word' id='word_1_96' title='bbox 775 3372 947 3471; x_wconf 85' lang='lat' dir='ltr'>dapibus</span> <span class='ocrx_word' id='word_1_97' title='bbox 976 3372 1155 3462; x_wconf 89' lang='lat' dir='ltr'>remotis,</span> 
     </span>
    </p>

    <p class='ocr_par' dir='ltr' id='par_1_19' title="bbox 385 3477 1169 3676">
     <span class='ocr_line' id='line_1_26' title="bbox 385 3477 1169 3576; baseline 0.003 -25"><span class='ocrx_word' id='word_1_98' title='bbox 385 3477 499 3566; x_wconf 81' lang='lat' dir='ltr'>Quae</span> <span class='ocrx_word' id='word_1_99' title='bbox 528 3479 668 3576; x_wconf 85' lang='lat' dir='ltr'>gulam</span> <span class='ocrx_word' id='word_1_100' title='bbox 697 3480 869 3572; x_wconf 83' lang='lat' dir='ltr'>irritant,</span> <span class='ocrx_word' id='word_1_101' title='bbox 900 3479 1031 3556; x_wconf 90' lang='lat' dir='ltr'>solitis</span> <span class='ocrx_word' id='word_1_102' title='bbox 1061 3480 1169 3555; x_wconf 89' lang='lat' dir='ltr'>ciere</span> 
     </span>
     <span class='ocr_line' id='line_1_27' title="bbox 490 3586 863 3676; baseline 0.008 -18"><span class='ocrx_word' id='word_1_103' title='bbox 490 3586 657 3676; x_wconf 83' lang='lat' dir='ltr'>Taedia,</span> <span class='ocrx_word' id='word_1_104' title='bbox 688 3589 863 3661; x_wconf 87' lang='lat' dir='ltr'>morbos.</span> 
     </span>
    </p>
   </div>
   <div class='ocr_carea' id='block_1_9' title="bbox 382 3727 1144 4124">
    <p class='ocr_par' dir='ltr' id='par_1_20' title="bbox 383 3727 1144 3828">
     <span class='ocr_line' id='line_1_28' title="bbox 383 3727 1144 3828; baseline 0.005 -29"><span class='ocrx_word' id='word_1_105' title='bbox 383 3727 499 3813; x_wconf 83' lang='lat' dir='ltr'>illud,</span> <span class='ocrx_word' id='word_1_106' title='bbox 530 3736 575 3803; x_wconf 93' lang='lat' dir='ltr'>ut</span> <span class='ocrx_word' id='word_1_107' title='bbox 603 3736 644 3801; x_wconf 91' lang='lat' dir='ltr'>te</span> <span class='ocrx_word' id='word_1_108' title='bbox 672 3728 868 3826; x_wconf 87' lang='lat' dir='ltr'>respicias</span> <span class='ocrx_word' id='word_1_109' title='bbox 898 3728 1144 3828; x_wconf 86' lang='lat' dir='ltr'>frequenter,</span> 
     </span>
    </p>

    <p class='ocr_par' dir='ltr' id='par_1_21' title="bbox 383 3835 1125 3935">
     <span class='ocr_line' id='line_1_29' title="bbox 383 3835 1125 3935; baseline 0.004 -28"><span class='ocrx_word' id='word_1_110' title='bbox 383 3835 539 3921; x_wconf 72' lang='lat' dir='ltr'>DiluaS,</span> <span class='ocrx_word' id='word_1_111' title='bbox 570 3835 603 3908; x_wconf 89' lang='lat' dir='ltr'>si</span> <span class='ocrx_word' id='word_1_112' title='bbox 634 3835 731 3933; x_wconf 83' lang='lat' dir='ltr'>quid</span> <span class='ocrx_word' id='word_1_113' title='bbox 760 3835 849 3910; x_wconf 82' lang='lat' dir='ltr'>vitii</span> <span class='ocrx_word' id='word_1_114' title='bbox 880 3837 945 3911; x_wconf 90' lang='lat' dir='ltr'>vel</span> <span class='ocrx_word' id='word_1_115' title='bbox 975 3861 1125 3935; x_wconf 86' lang='lat' dir='ltr'>aegrae</span> 
     </span>
    </p>

    <p class='ocr_par' dir='ltr' id='par_1_22' title="bbox 382 3942 1070 4124">
     <span class='ocr_line' id='line_1_30' title="bbox 382 3942 1070 4023; baseline 0.006 -9"><span class='ocrx_word' id='word_1_116' title='bbox 382 3942 506 4016; x_wconf 85' lang='lat' dir='ltr'>Labis</span> <span class='ocrx_word' id='word_1_117' title='bbox 536 3951 734 4023; x_wconf 76' lang='lat' dir='ltr'>occurrat,</span> <span class='ocrx_word' id='word_1_118' title='bbox 765 3943 896 4017; x_wconf 87' lang='lat' dir='ltr'>niteas</span> <span class='ocrx_word' id='word_1_119' title='bbox 926 3967 1070 4018; x_wconf 86' lang='lat' dir='ltr'>serena</span> 
     </span>
     <span class='ocr_line' id='line_1_31' title="bbox 489 4050 828 4124; baseline 0.012 -3"><span class='ocrx_word' id='word_1_120' title='bbox 489 4050 642 4123; x_wconf 84' lang='lat' dir='ltr'>Fronte</span> <span class='ocrx_word' id='word_1_121' title='bbox 671 4052 828 4124; x_wconf 87' lang='lat' dir='ltr'>beatus.</span> 
     </span>
    </p>
   </div>
   <div class='ocr_carea' id='block_1_10' title="bbox 383 4190 1220 4609">
    <p class='ocr_par' dir='ltr' id='par_1_23' title="bbox 383 4190 1220 4289">
     <span class='ocr_line' id='line_1_32' title="bbox 383 4190 1220 4289; baseline 0.002 -27"><span class='ocrx_word' id='word_1_122' title='bbox 383 4190 603 4287; x_wconf 82' lang='lat' dir='ltr'>Transigas</span> <span class='ocrx_word' id='word_1_123' title='bbox 632 4197 794 4289; x_wconf 88' lang='lat' dir='ltr'>tempus</span> <span class='ocrx_word' id='word_1_124' title='bbox 823 4190 910 4265; x_wconf 90' lang='lat' dir='ltr'>sine</span> <span class='ocrx_word' id='word_1_125' title='bbox 938 4194 1047 4265; x_wconf 89' lang='lat' dir='ltr'>nube</span> <span class='ocrx_word' id='word_1_126' title='bbox 1075 4191 1220 4279; x_wconf 81' lang='lat' dir='ltr'>laetus,</span> 
     </span>
    </p>

    <p class='ocr_par' dir='ltr' id='par_1_24' title="bbox 383 4297 1060 4398">
     <span class='ocr_line' id='line_1_33' title="bbox 383 4297 1060 4398; baseline 0.003 -29"><span class='ocrx_word' id='word_1_127' title='bbox 383 4297 518 4370; x_wconf 89' lang='lat' dir='ltr'>Instar</span> <span class='ocrx_word' id='word_1_128' title='bbox 547 4304 588 4371; x_wconf 92' lang='lat' dir='ltr'>et</span> <span class='ocrx_word' id='word_1_129' title='bbox 616 4297 713 4371; x_wconf 88' lang='lat' dir='ltr'>solis</span> <span class='ocrx_word' id='word_1_130' title='bbox 741 4298 878 4373; x_wconf 85' lang='lat' dir='ltr'>radios</span> <span class='ocrx_word' id='word_1_131' title='bbox 908 4298 1060 4398; x_wconf 91' lang='lat' dir='ltr'>ubique</span> 
     </span>
    </p>

    <p class='ocr_par' dir='ltr' id='par_1_25' title="bbox 383 4403 1169 4609">
     <span class='ocr_line' id='line_1_34' title="bbox 383 4403 1169 4503; baseline 0.004 -28"><span class='ocrx_word' id='word_1_132' title='bbox 383 4405 539 4502; x_wconf 66' lang='lat' dir='ltr'>Sparge</span> <span class='ocrx_word' id='word_1_133' title='bbox 568 4403 749 4479; x_wconf 81' lang='lat' dir='ltr'>virtutis:</span> <span class='ocrx_word' id='word_1_134' title='bbox 780 4403 965 4503; x_wconf 89' lang='lat' dir='ltr'>probitas</span> <span class='ocrx_word' id='word_1_135' title='bbox 994 4429 1169 4480; x_wconf 88' lang='lat' dir='ltr'>amoeno</span> 
     </span>
     <span class='ocr_line' id='line_1_35' title="bbox 489 4510 858 4609; baseline 0.008 -26"><span class='ocrx_word' id='word_1_136' title='bbox 489 4510 590 4584; x_wconf 85' lang='lat' dir='ltr'>Fine</span> <span class='ocrx_word' id='word_1_137' title='bbox 620 4511 858 4609; x_wconf 80' lang='lat' dir='ltr'>triumphet.</span> 
     </span>
    </p>
   </div>
   <div class='ocr_carea' id='block_1_11' title="bbox 0 0 1586 5154">
    <p class='ocr_par' dir='ltr' id='par_1_26' title="bbox 0 0 1586 5154">
     <span class='ocr_line' id='line_1_36' title="bbox 0 0 1586 5154; baseline 0 0"><span class='ocrx_word' id='word_1_138' title='bbox 0 0 1586 5154; x_wconf 95' lang='lat' dir='ltr'> </span> 
     </span>
    </p>
   </div>
  </div>
 </body>
</html>
