3164 5154
483 242 557 301 LIB.
576 243 628 301 lv.
646 244 726 301 3-4.

178 442 400 519 Iustiniani
427 448 548 518 vasta
574 443 787 519 volumina

180 548 259 640 Qui
288 549 420 625 volvis
449 550 609 641 ardens,
649 574 796 626 aureus
824 556 872 625 ut
900 550 1034 626 sinum

232 656 413 732 Inundet
440 656 583 748 imber,
614 656 703 732 iura
730 657 910 733 nummis

284 764 475 841 Vendere
502 789 588 839 non
617 762 787 840 timidus
813 763 1002 865 receptis,

179 959 313 1051 Quem
340 983 450 1035 vana
478 958 592 1035 ducit
619 959 764 1058 gloria,
794 961 863 1059 qui
890 961 1008 1061 petie,

178 1066 240 1141 Ne
267 1065 477 1159 nesciariS,
506 1066 684 1167 plurima
713 1066 887 1160 discere,

233 1173 314 1265 Qui
343 1173 481 1261 curris,
511 1179 559 1248 ut
585 1180 711 1249 vento
740 1174 897 1266 carina,

284 1279 469 1356 Arbitrio
497 1279 707 1380 popularis
736 1305 880 1357 aurae:

177 1477 271 1552 Huc
300 1476 462 1552 curioso
492 1475 651 1553 tendite
678 1474 846 1565 lumine,

178 1583 373 1683 Spectato
401 1583 617 1674 Thomam,
648 1584 761 1658 clara
788 1581 964 1658 scientia

232 1690 364 1781 Quem
394 1690 504 1765 celsa
532 1714 655 1790 supra
682 1690 796 1764 vexit
824 1694 936 1763 astra

283 1797 585 1895 Aetheriosque
613 1796 767 1871 locavit
794 1796 923 1895 ignee.

177 1995 299 2070 Illum
327 1992 524 2095 profanus
552 2017 637 2067 non
664 1990 804 2092 rapuit
831 1997 969 2068 tumor

176 2102 318 2178 Prima
344 2101 513 2176 iuventa
540 2125 617 2173 nec
644 2098 746 2173 levis
776 2098 966 2192 ambitm,

233 2210 327 2284 Non
354 2207 491 2306 fulgor
520 2206 609 2281 auri
640 2204 726 2280 sive
754 2204 866 2281 fama

283 2316 320 2390 N
323 2314 470 2390 ominis
500 2319 572 2389 aut
600 2312 688 2387 sitis
717 2312 802 2386 ulla
828 2311 981 2411 magni.

178 2509 338 2586 Summi
366 2509 439 2585 sed
467 2508 589 2585 ardor
615 2506 796 2582 numinis
825 2512 868 2581 et
895 2506 997 2580 fides

177 2618 304 2717 Nigro
334 2617 522 2692 revelans
550 2615 694 2691 abdita
721 2613 865 2688 nubilo

230 2725 397 2798 Arcana
426 2722 539 2813 caeli,
577 2722 750 2821 pulchra
777 2718 894 2818 regni

284 2829 441 2906 Siderei
471 2829 596 2904 subiit
633 2827 797 2927 cupido.

176 3027 294 3101 Haec
332 3023 561 3099 concitavit
596 3029 753 3123 pectuS‚
793 3027 840 3096 ut
878 3020 1017 3096 omnia

176 3134 429 3207 Monstraret
466 3129 553 3205 orbi
591 3128 809 3229 perspicua
846 3126 950 3217 face,

232 3239 348 3329 Quae
377 3245 496 3327 terra,
534 3261 639 3335 quae
667 3243 819 3335 pontus
838 3234 1034 3325 recondit,

285 3344 401 3435 Quae
437 3343 580 3419 nitidis
617 3344 775 3418 latuere
809 3340 950 3439 signis.

176 3541 347 3615 Plebem
364 3537 454 3637 quis
468 3563 663 3637 umquam
679 3535 860 3611 sanctius
878 3534 1033 3611 erudit?

178 3647 278 3738 Quis
316 3646 427 3720 iussa
464 3645 604 3718 divum
641 3643 787 3717 fortius
826 3642 1024 3741 expedit?

230 3753 311 3828 Hic
347 3777 494 3827 norma
531 3751 696 3825 divinae
734 3748 931 3823 ministris

285 3860 348 3936 Sit
376 3859 597 3935 cathedrae
627 3858 852 3955 niveusque
882 3855 1035 3931 ductor.
