<?xml version="1.0" encoding="UTF-8"?>
<!DOCTYPE html PUBLIC "-//W3C//DTD XHTML 1.0 Transitional//EN"
    "http://www.w3.org/TR/xhtml1/DTD/xhtml1-transitional.dtd">
<html xmlns="http://www.w3.org/1999/xhtml" xml:lang="en" lang="en">
 <head>
  <title>
</title>
<meta http-equiv="Content-Type" content="text/html;charset=utf-8" />
  <meta name='ocr-system' content='tesseract 3.04.00' />
  <meta name='ocr-capabilities' content='ocr_page ocr_carea ocr_par ocr_line ocrx_word'/>
</head>
<body>
  <div class='ocr_page' id='page_1' title='image "./psimonrettenbac00lehngoog/psimonrettenbac00lehngoog_0410.png"; bbox 0 0 3164 5154; ppageno 0'>
   <div class='ocr_carea' id='block_1_1' title="bbox 499 237 809 295">
    <p class='ocr_par' dir='ltr' id='par_1_1' title="bbox 499 237 809 295">
     <span class='ocr_line' id='line_1_1' title="bbox 499 237 809 295; baseline 0 -3"><span class='ocrx_word' id='word_1_1' title='bbox 499 237 570 292; x_wconf 90' lang='lat' dir='ltr'>LIB.</span> <span class='ocrx_word' id='word_1_2' title='bbox 591 237 672 294; x_wconf 86' lang='lat' dir='ltr'>vm.</span> <span class='ocrx_word' id='word_1_3' title='bbox 692 238 809 295; x_wconf 80' lang='lat'><strong>18-20.</strong></span> 
     </span>
    </p>
   </div>
   <div class='ocr_carea' id='block_1_2' title="bbox 177 435 979 750">
    <p class='ocr_par' dir='ltr' id='par_1_2' title="bbox 177 435 979 750">
     <span class='ocr_line' id='line_1_2' title="bbox 181 435 943 536; baseline 0.001 -25"><span class='ocrx_word' id='word_1_4' title='bbox 181 436 376 511; x_wconf 80' lang='lat' dir='ltr'>Gentium</span> <span class='ocrx_word' id='word_1_5' title='bbox 404 436 547 529; x_wconf 89' lang='lat' dir='ltr'>victor,</span> <span class='ocrx_word' id='word_1_6' title='bbox 576 435 738 536; x_wconf 90' lang='lat' dir='ltr'>populis</span> <span class='ocrx_word' id='word_1_7' title='bbox 767 437 943 512; x_wconf 87' lang='lat' dir='ltr'>salutem</span> 
     </span>
     <span class='ocr_line' id='line_1_3' title="bbox 177 542 979 642; baseline 0.002 -25"><span class='ocrx_word' id='word_1_8' title='bbox 177 542 330 618; x_wconf 84' lang='lat' dir='ltr'>Adfero</span> <span class='ocrx_word' id='word_1_9' title='bbox 359 544 505 635; x_wconf 68' lang='lat' dir='ltr'>laetus</span> <span class='ocrx_word' id='word_1_10' title='bbox 535 544 697 618; x_wconf 89' lang='lat' dir='ltr'>celebro</span> <span class='ocrx_word' id='word_1_11' title='bbox 727 544 979 642; x_wconf 88' lang='lat' dir='ltr'>triumphos:</span> 
     </span>
     <span class='ocr_line' id='line_1_4' title="bbox 178 650 922 750; baseline 0.003 -27"><span class='ocrx_word' id='word_1_12' title='bbox 178 650 280 725; x_wconf 85' lang='lat' dir='ltr'>Tela</span> <span class='ocrx_word' id='word_1_13' title='bbox 308 676 401 724; x_wconf 91' lang='lat' dir='ltr'>cum</span> <span class='ocrx_word' id='word_1_14' title='bbox 429 674 552 748; x_wconf 88' lang='lat' dir='ltr'>ponc,</span> <span class='ocrx_word' id='word_1_15' title='bbox 583 650 732 750; x_wconf 88' lang='lat' dir='ltr'>cupide</span> <span class='ocrx_word' id='word_1_16' title='bbox 759 675 922 725; x_wconf 90' lang='lat' dir='ltr'>resumo</span> 
     </span>
    </p>
   </div>
   <div class='ocr_carea' id='block_1_3' title="bbox 285 756 636 847">
    <p class='ocr_par' dir='ltr' id='par_1_3' title="bbox 285 756 636 847">
     <span class='ocr_line' id='line_1_5' title="bbox 285 756 636 847; baseline 0 -16"><span class='ocrx_word' id='word_1_17' title='bbox 285 756 480 847; x_wconf 85' lang='lat' dir='ltr'>Qualibet</span> <span class='ocrx_word' id='word_1_18' title='bbox 508 768 636 832; x_wconf 59' lang='lat' dir='ltr'>aurat</span> 
     </span>
    </p>
   </div>
   <div class='ocr_carea' id='block_1_4' title="bbox 176 915 1106 1312">
    <p class='ocr_par' dir='ltr' id='par_1_4' title="bbox 176 915 1042 1016">
     <span class='ocr_line' id='line_1_6' title="bbox 176 915 1042 1016; baseline 0.002 -26"><span class='ocrx_word' id='word_1_19' title='bbox 176 917 336 991; x_wconf 78' lang='lat' dir='ltr'>Ductor</span> <span class='ocrx_word' id='word_1_20' title='bbox 363 917 468 991; x_wconf 88' lang='lat' dir='ltr'>haec</span> <span class='ocrx_word' id='word_1_21' title='bbox 496 941 636 991; x_wconf 86' lang='lat' dir='ltr'>secum</span> <span class='ocrx_word' id='word_1_22' title='bbox 665 915 812 991; x_wconf 78' lang='lat' dir='ltr'>statuit</span> <span class='ocrx_word' id='word_1_23' title='bbox 837 915 1042 1016; x_wconf 87' lang='lat' dir='ltr'>profanus,</span> 
     </span>
    </p>

    <p class='ocr_par' dir='ltr' id='par_1_5' title="bbox 177 1022 861 1122">
     <span class='ocr_line' id='line_1_7' title="bbox 177 1022 861 1122; baseline 0 -24"><span class='ocrx_word' id='word_1_24' title='bbox 177 1023 237 1098; x_wconf 89' lang='lat' dir='ltr'>At</span> <span class='ocrx_word' id='word_1_25' title='bbox 265 1023 364 1098; x_wconf 83' lang='lat' dir='ltr'>deus</span> <span class='ocrx_word' id='word_1_26' title='bbox 392 1022 477 1099; x_wconf 88' lang='lat' dir='ltr'>fato</span> <span class='ocrx_word' id='word_1_27' title='bbox 506 1023 644 1122; x_wconf 80' lang='lat' dir='ltr'>rapuit</span> <span class='ocrx_word' id='word_1_28' title='bbox 671 1028 861 1098; x_wconf 90' lang='lat' dir='ltr'>cruento:</span> 
     </span>
    </p>

    <p class='ocr_par' dir='ltr' id='par_1_6' title="bbox 178 1129 1106 1312">
     <span class='ocr_line' id='line_1_8' title="bbox 178 1129 1106 1229; baseline 0.001 -25"><span class='ocrx_word' id='word_1_29' title='bbox 178 1131 265 1205; x_wconf 89' lang='lat' dir='ltr'>lam</span> <span class='ocrx_word' id='word_1_30' title='bbox 296 1130 412 1205; x_wconf 89' lang='lat' dir='ltr'>sedet</span> <span class='ocrx_word' id='word_1_31' title='bbox 439 1137 621 1206; x_wconf 87' lang='lat' dir='ltr'>maestus</span> <span class='ocrx_word' id='word_1_32' title='bbox 651 1129 785 1229; x_wconf 85' lang='lat' dir='ltr'>Stygii</span> <span class='ocrx_word' id='word_1_33' title='bbox 814 1130 978 1228; x_wconf 85' lang='lat' dir='ltr'>tyranni</span> <span class='ocrx_word' id='word_1_34' title='bbox 1105 1156 1106 1161; x_wconf 47' lang='lat'>¹</span> 
     </span>
     <span class='ocr_line' id='line_1_9' title="bbox 283 1236 623 1312; baseline 0 -1"><span class='ocrx_word' id='word_1_35' title='bbox 283 1236 446 1312; x_wconf 81' lang='lat' dir='ltr'>Limine</span> <span class='ocrx_word' id='word_1_36' title='bbox 475 1262 623 1312; x_wconf 88' lang='lat' dir='ltr'>servus.</span> 
     </span>
    </p>
   </div>
   <div class='ocr_carea' id='block_1_5' title="bbox 578 1522 735 1530">
    <p class='ocr_par' dir='ltr' id='par_1_7' title="bbox 578 1522 735 1530">
     <span class='ocr_line' id='line_1_10' title="bbox 578 1522 735 1530; baseline 0.006 -1"><span class='ocrx_word' id='word_1_37' title='bbox 578 1522 735 1530; x_wconf 75' lang='grc'><strong>-----</strong></span> 
     </span>
    </p>
   </div>
   <div class='ocr_carea' id='block_1_6' title="bbox 616 1731 697 1795">
    <p class='ocr_par' dir='ltr' id='par_1_8' title="bbox 616 1731 697 1795">
     <span class='ocr_line' id='line_1_11' title="bbox 616 1731 697 1795; baseline 0 -1"><span class='ocrx_word' id='word_1_38' title='bbox 616 1731 697 1795; x_wconf 89' lang='grc' dir='ltr'>ΧΧ.</span> 
     </span>
    </p>
   </div>
   <div class='ocr_carea' id='block_1_7' title="bbox 420 1928 896 2007">
    <p class='ocr_par' dir='ltr' id='par_1_9' title="bbox 420 1928 896 2007">
     <span class='ocr_line' id='line_1_12' title="bbox 420 1928 896 2007; baseline -0.004 -1"><span class='ocrx_word' id='word_1_39' title='bbox 420 1929 546 2006; x_wconf 91' lang='lat' dir='ltr'>SPES</span> <span class='ocrx_word' id='word_1_40' title='bbox 577 1928 715 2007; x_wconf 88' lang='lat' dir='ltr'>SOLA</span> <span class='ocrx_word' id='word_1_41' title='bbox 742 1928 896 2007; x_wconf 87' lang='lat' dir='ltr'><strong>DEUS.</strong></span> 
     </span>
    </p>
   </div>
   <div class='ocr_carea' id='block_1_8' title="bbox 183 2123 1273 2521">
    <p class='ocr_par' dir='ltr' id='par_1_10' title="bbox 183 2123 1273 2430">
     <span class='ocr_line' id='line_1_13' title="bbox 183 2123 1273 2222; baseline -0.003 -24"><span class='ocrx_word' id='word_1_42' title='bbox 183 2125 370 2199; x_wconf 84' lang='lat' dir='ltr'>Numinis</span> <span class='ocrx_word' id='word_1_43' title='bbox 399 2130 512 2199; x_wconf 84' lang='lat' dir='ltr'>tutus</span> <span class='ocrx_word' id='word_1_44' title='bbox 542 2124 687 2222; x_wconf 85' lang='lat' dir='ltr'>clipeo,</span> <span class='ocrx_word' id='word_1_45' title='bbox 716 2123 866 2199; x_wconf 91' lang='lat' dir='ltr'>ferocis</span> <span class='ocrx_word' id='word_1_46' title='bbox 1131 2138 1273 2195; x_wconf 77' lang='lat' dir='ltr'><strong>f01.149=·</strong></span> 
     </span>
     <span class='ocr_line' id='line_1_14' title="bbox 183 2230 1044 2330; baseline 0.001 -24"><span class='ocrx_word' id='word_1_47' title='bbox 183 2233 285 2307; x_wconf 84' lang='lat' dir='ltr'>Tela</span> <span class='ocrx_word' id='word_1_48' title='bbox 312 2232 403 2330; x_wconf 86' lang='lat' dir='ltr'>quis</span> <span class='ocrx_word' id='word_1_49' title='bbox 431 2230 576 2307; x_wconf 89' lang='lat' dir='ltr'>Martis</span> <span class='ocrx_word' id='word_1_50' title='bbox 604 2231 753 2306; x_wconf 89' lang='lat' dir='ltr'>metuit</span> <span class='ocrx_word' id='word_1_51' title='bbox 779 2231 846 2306; x_wconf 81' lang='lat' dir='ltr'>vel</span> <span class='ocrx_word' id='word_1_52' title='bbox 875 2232 1044 2307; x_wconf 82' lang='lat' dir='ltr'>hastas?</span> 
     </span>
     <span class='ocr_line' id='line_1_15' title="bbox 183 2338 1015 2430; baseline 0.002 -18"><span class='ocrx_word' id='word_1_53' title='bbox 183 2339 283 2428; x_wconf 82' lang='lat' dir='ltr'>Quis</span> <span class='ocrx_word' id='word_1_54' title='bbox 312 2340 432 2413; x_wconf 87' lang='lat' dir='ltr'>tubas</span> <span class='ocrx_word' id='word_1_55' title='bbox 460 2362 617 2428; x_wconf 87' lang='lat' dir='ltr'>raucas,</span> <span class='ocrx_word' id='word_1_56' title='bbox 648 2338 773 2413; x_wconf 88' lang='lat' dir='ltr'>lituos</span> <span class='ocrx_word' id='word_1_57' title='bbox 803 2346 1015 2430; x_wconf 86' lang='lat' dir='ltr'>sonantes,</span> 
     </span>
    </p>

    <p class='ocr_par' dir='ltr' id='par_1_11' title="bbox 288 2444 666 2521">
     <span class='ocr_line' id='line_1_16' title="bbox 288 2444 666 2521; baseline -0.003 -2"><span class='ocrx_word' id='word_1_58' title='bbox 288 2446 404 2521; x_wconf 89' lang='lat' dir='ltr'>Mota</span> <span class='ocrx_word' id='word_1_59' title='bbox 431 2444 497 2519; x_wconf 88' lang='lat' dir='ltr'>vel</span> <span class='ocrx_word' id='word_1_60' title='bbox 526 2448 666 2519; x_wconf 80' lang='lat' dir='ltr'>arma?</span> 
     </span>
    </p>
   </div>
   <div class='ocr_carea' id='block_1_9' title="bbox 180 2604 1112 3023">
    <p class='ocr_par' dir='ltr' id='par_1_12' title="bbox 181 2604 1112 2703">
     <span class='ocr_line' id='line_1_17' title="bbox 181 2604 1112 2703; baseline 0 -23"><span class='ocrx_word' id='word_1_61' title='bbox 181 2606 293 2681; x_wconf 89' lang='lat' dir='ltr'>Pace</span> <span class='ocrx_word' id='word_1_62' title='bbox 322 2605 392 2703; x_wconf 92' lang='lat' dir='ltr'>qui</span> <span class='ocrx_word' id='word_1_63' title='bbox 420 2604 577 2703; x_wconf 89' lang='lat' dir='ltr'>gaudet</span> <span class='ocrx_word' id='word_1_64' title='bbox 602 2604 784 2696; x_wconf 86' lang='lat' dir='ltr'>Domini,</span> <span class='ocrx_word' id='word_1_65' title='bbox 815 2604 911 2702; x_wconf 90' lang='lat' dir='ltr'>quid</span> <span class='ocrx_word' id='word_1_66' title='bbox 940 2605 1112 2680; x_wconf 81' lang='lat' dir='ltr'>horret?</span> 
     </span>
    </p>

    <p class='ocr_par' dir='ltr' id='par_1_13' title="bbox 183 2710 1057 2810">
     <span class='ocr_line' id='line_1_18' title="bbox 183 2710 1057 2810; baseline 0 -26"><span class='ocrx_word' id='word_1_67' title='bbox 183 2712 274 2785; x_wconf 88' lang='lat' dir='ltr'>Non</span> <span class='ocrx_word' id='word_1_68' title='bbox 304 2737 461 2801; x_wconf 85' lang='lat' dir='ltr'>canem,</span> <span class='ocrx_word' id='word_1_69' title='bbox 492 2711 560 2809; x_wconf 93' lang='lat' dir='ltr'>qui</span> <span class='ocrx_word' id='word_1_70' title='bbox 587 2736 716 2810; x_wconf 89' lang='lat' dir='ltr'>regna</span> <span class='ocrx_word' id='word_1_71' title='bbox 742 2710 866 2786; x_wconf 81' lang='lat' dir='ltr'>Erebi</span> <span class='ocrx_word' id='word_1_72' title='bbox 894 2710 1057 2785; x_wconf 78' lang='lat' dir='ltr'>trifauci</span> 
     </span>
    </p>

    <p class='ocr_par' dir='ltr' id='par_1_14' title="bbox 180 2818 985 3023">
     <span class='ocr_line' id='line_1_19' title="bbox 180 2818 985 2894; baseline 0 -2"><span class='ocrx_word' id='word_1_73' title='bbox 180 2819 368 2894; x_wconf 91' lang='lat' dir='ltr'>Percutit</span> <span class='ocrx_word' id='word_1_74' title='bbox 394 2819 568 2893; x_wconf 90' lang='lat' dir='ltr'>latratu:</span> <span class='ocrx_word' id='word_1_75' title='bbox 599 2818 758 2892; x_wconf 87' lang='lat' dir='ltr'>animas</span> <span class='ocrx_word' id='word_1_76' title='bbox 787 2824 985 2893; x_wconf 81' lang='lat' dir='ltr'>nocentes</span> 
     </span>
     <span class='ocr_line' id='line_1_20' title="bbox 287 2925 610 3023; baseline 0 -24"><span class='ocrx_word' id='word_1_77' title='bbox 287 2926 432 3000; x_wconf 83' lang='lat' dir='ltr'>Terret</span> <span class='ocrx_word' id='word_1_78' title='bbox 460 2925 610 3023; x_wconf 87' lang='lat' dir='ltr'>imago.</span> 
     </span>
    </p>
   </div>
   <div class='ocr_carea' id='block_1_10' title="bbox 180 3084 1071 3506">
    <p class='ocr_par' dir='ltr' id='par_1_15' title="bbox 181 3084 958 3184">
     <span class='ocr_line' id='line_1_21' title="bbox 181 3084 958 3184; baseline 0 -26"><span class='ocrx_word' id='word_1_79' title='bbox 181 3085 248 3158; x_wconf 87' lang='lat' dir='ltr'>An</span> <span class='ocrx_word' id='word_1_80' title='bbox 276 3084 397 3160; x_wconf 90' lang='lat' dir='ltr'>timet</span> <span class='ocrx_word' id='word_1_81' title='bbox 424 3084 562 3160; x_wconf 87' lang='lat' dir='ltr'>forsan</span> <span class='ocrx_word' id='word_1_82' title='bbox 591 3085 744 3159; x_wconf 87' lang='lat' dir='ltr'>celeres</span> <span class='ocrx_word' id='word_1_83' title='bbox 773 3085 958 3184; x_wconf 86' lang='lat' dir='ltr'>sagittas,</span> 
     </span>
    </p>

    <p class='ocr_par' dir='ltr' id='par_1_16' title="bbox 182 3190 1071 3290">
     <span class='ocr_line' id='line_1_22' title="bbox 182 3190 1071 3290; baseline 0 -25"><span class='ocrx_word' id='word_1_84' title='bbox 182 3191 292 3281; x_wconf 84' lang='lat' dir='ltr'>Quas</span> <span class='ocrx_word' id='word_1_85' title='bbox 321 3217 445 3266; x_wconf 86' lang='lat' dir='ltr'>manu</span> <span class='ocrx_word' id='word_1_86' title='bbox 474 3191 647 3266; x_wconf 87' lang='lat' dir='ltr'>Parthus</span> <span class='ocrx_word' id='word_1_87' title='bbox 675 3190 837 3290; x_wconf 81' lang='lat' dir='ltr'>fugiens</span> <span class='ocrx_word' id='word_1_88' title='bbox 866 3190 1071 3266; x_wconf 79' lang='lat' dir='ltr'>remittit?</span> 
     </span>
    </p>

    <p class='ocr_par' dir='ltr' id='par_1_17' title="bbox 180 3298 1000 3506">
     <span class='ocr_line' id='line_1_23' title="bbox 180 3298 1000 3398; baseline 0.001 -27"><span class='ocrx_word' id='word_1_89' title='bbox 180 3298 369 3374; x_wconf 83' lang='lat' dir='ltr'>Forsitan</span> <span class='ocrx_word' id='word_1_90' title='bbox 397 3305 607 3374; x_wconf 86' lang='lat' dir='ltr'>tormenta</span> <span class='ocrx_word' id='word_1_91' title='bbox 634 3298 751 3397; x_wconf 84' lang='lat' dir='ltr'>gravi</span> <span class='ocrx_word' id='word_1_92' title='bbox 779 3324 853 3398; x_wconf 90' lang='lat' dir='ltr'>per</span> <span class='ocrx_word' id='word_1_93' title='bbox 881 3323 1000 3373; x_wconf 84' lang='lat' dir='ltr'>auras</span> 
     </span>
     <span class='ocr_line' id='line_1_24' title="bbox 288 3406 672 3506; baseline -0.01 -24"><span class='ocrx_word' id='word_1_94' title='bbox 288 3406 438 3506; x_wconf 86' lang='lat' dir='ltr'>Sparsa</span> <span class='ocrx_word' id='word_1_95' title='bbox 465 3406 672 3481; x_wconf 73' lang='lat' dir='ltr'>tumultu?</span> 
     </span>
    </p>
   </div>
   <div class='ocr_carea' id='block_1_11' title="bbox 179 3564 1027 3984">
    <p class='ocr_par' dir='ltr' id='par_1_18' title="bbox 180 3564 1027 3640">
     <span class='ocr_line' id='line_1_25' title="bbox 180 3564 1027 3640; baseline -0.002 -2"><span class='ocrx_word' id='word_1_96' title='bbox 180 3565 247 3638; x_wconf 84' lang='lat' dir='ltr'>An</span> <span class='ocrx_word' id='word_1_97' title='bbox 275 3565 408 3639; x_wconf 86' lang='lat' dir='ltr'>latens</span> <span class='ocrx_word' id='word_1_98' title='bbox 437 3564 585 3640; x_wconf 83' lang='lat' dir='ltr'>foedae</span> <span class='ocrx_word' id='word_1_99' title='bbox 614 3565 794 3638; x_wconf 82' lang='lat' dir='ltr'>invidiae</span> <span class='ocrx_word' id='word_1_100' title='bbox 823 3590 1027 3638; x_wconf 87' lang='lat' dir='ltr'>venenum</span> 
     </span>
    </p>

    <p class='ocr_par' dir='ltr' id='par_1_19' title="bbox 179 3671 961 3747">
     <span class='ocr_line' id='line_1_26' title="bbox 179 3671 961 3747; baseline -0.001 -3"><span class='ocrx_word' id='word_1_101' title='bbox 179 3671 328 3745; x_wconf 87' lang='lat' dir='ltr'>Laedit</span> <span class='ocrx_word' id='word_1_102' title='bbox 356 3671 547 3747; x_wconf 84' lang='lat' dir='ltr'>incensas</span> <span class='ocrx_word' id='word_1_103' title='bbox 577 3671 703 3746; x_wconf 88' lang='lat' dir='ltr'>animi</span> <span class='ocrx_word' id='word_1_104' title='bbox 732 3671 961 3746; x_wconf 72' lang='lat' dir='ltr'>medullas?</span> 
     </span>
    </p>

    <p class='ocr_par' dir='ltr' id='par_1_20' title="bbox 180 3776 989 3984">
     <span class='ocr_line' id='line_1_27' title="bbox 180 3776 989 3877; baseline -0.004 -26"><span class='ocrx_word' id='word_1_105' title='bbox 180 3776 268 3852; x_wconf 85' lang='lat' dir='ltr'>Aut</span> <span class='ocrx_word' id='word_1_106' title='bbox 296 3785 415 3852; x_wconf 84' lang='lat' dir='ltr'>atrox</span> <span class='ocrx_word' id='word_1_107' title='bbox 443 3779 597 3853; x_wconf 88' lang='lat' dir='ltr'>blanda</span> <span class='ocrx_word' id='word_1_108' title='bbox 625 3777 775 3877; x_wconf 81' lang='lat' dir='ltr'>spoliat</span> <span class='ocrx_word' id='word_1_109' title='bbox 804 3802 989 3852; x_wconf 85' lang='lat' dir='ltr'>susurrus</span> 
     </span>
     <span class='ocr_line' id='line_1_28' title="bbox 288 3886 611 3984; baseline -0.012 -23"><span class='ocrx_word' id='word_1_110' title='bbox 288 3886 425 3961; x_wconf 83' lang='lat' dir='ltr'>Corda</span> <span class='ocrx_word' id='word_1_111' title='bbox 453 3886 611 3984; x_wconf 79' lang='lat' dir='ltr'>quieto?</span> 
     </span>
    </p>
   </div>
   <div class='ocr_carea' id='block_1_12' title="bbox 179 4044 1042 4465">
    <p class='ocr_par' dir='ltr' id='par_1_21' title="bbox 181 4044 934 4143">
     <span class='ocr_line' id='line_1_29' title="bbox 181 4044 934 4143; baseline -0.004 -25"><span class='ocrx_word' id='word_1_112' title='bbox 181 4046 337 4119; x_wconf 82' lang='lat' dir='ltr'>Haeret</span> <span class='ocrx_word' id='word_1_113' title='bbox 366 4046 525 4121; x_wconf 84' lang='lat' dir='ltr'>adfixus</span> <span class='ocrx_word' id='word_1_114' title='bbox 555 4045 740 4143; x_wconf 73' lang='lat' dir='ltr'>Superis:</span> <span class='ocrx_word' id='word_1_115' title='bbox 773 4044 934 4142; x_wconf 79' lang='lat' dir='ltr'>Olympi</span> 
     </span>
    </p>

    <p class='ocr_par' dir='ltr' id='par_1_22' title="bbox 181 4152 1042 4250">
     <span class='ocr_line' id='line_1_30' title="bbox 181 4152 1042 4250; baseline -0.005 -24"><span class='ocrx_word' id='word_1_116' title='bbox 181 4152 278 4227; x_wconf 85' lang='lat' dir='ltr'>Sola</span> <span class='ocrx_word' id='word_1_117' title='bbox 306 4178 398 4250; x_wconf 88' lang='lat' dir='ltr'>spes</span> <span class='ocrx_word' id='word_1_118' title='bbox 426 4158 563 4226; x_wconf 87' lang='lat' dir='ltr'>rector</span> <span class='ocrx_word' id='word_1_119' title='bbox 592 4152 860 4250; x_wconf 84' lang='lat' dir='ltr'>placidusque</span> <span class='ocrx_word' id='word_1_120' title='bbox 888 4159 1042 4249; x_wconf 83' lang='lat' dir='ltr'>portus.</span> 
     </span>
    </p>

    <p class='ocr_par' dir='ltr' id='par_1_23' title="bbox 179 4258 944 4465">
     <span class='ocr_line' id='line_1_31' title="bbox 179 4258 944 4357; baseline -0.004 -24"><span class='ocrx_word' id='word_1_121' title='bbox 179 4259 306 4333; x_wconf 87' lang='lat' dir='ltr'>Pinus</span> <span class='ocrx_word' id='word_1_122' title='bbox 336 4260 415 4334; x_wconf 93' lang='lat' dir='ltr'>hoc</span> <span class='ocrx_word' id='word_1_123' title='bbox 444 4259 594 4332; x_wconf 80' lang='lat' dir='ltr'>crebris</span> <span class='ocrx_word' id='word_1_124' title='bbox 623 4258 783 4357; x_wconf 81' lang='lat' dir='ltr'>agitata</span> <span class='ocrx_word' id='word_1_125' title='bbox 812 4258 944 4332; x_wconf 78' lang='lat' dir='ltr'>ventis</span> 
     </span>
     <span class='ocr_line' id='line_1_32' title="bbox 285 4366 621 4465; baseline -0.003 -26"><span class='ocrx_word' id='word_1_126' title='bbox 285 4366 425 4440; x_wconf 88' lang='lat' dir='ltr'>Litore</span> <span class='ocrx_word' id='word_1_127' title='bbox 454 4372 621 4465; x_wconf 85' lang='lat' dir='ltr'>perstat.</span> 
     </span>
    </p>
   </div>
   <div class='ocr_carea' id='block_1_13' title="bbox 583 4631 738 4642">
    <p class='ocr_par' dir='ltr' id='par_1_24' title="bbox 583 4631 738 4642">
     <span class='ocr_line' id='line_1_33' title="bbox 583 4631 738 4642; baseline 0 0"><span class='ocrx_word' id='word_1_128' title='bbox 583 4631 738 4642; x_wconf 69' lang='lat' dir='ltr'>-a——u-</span> 
     </span>
    </p>
   </div>
   <div class='ocr_carea' id='block_1_14' title="bbox 0 0 1586 5154">
    <p class='ocr_par' dir='ltr' id='par_1_25' title="bbox 0 0 1586 5154">
     <span class='ocr_line' id='line_1_34' title="bbox 0 0 1586 5154; baseline 0 2"><span class='ocrx_word' id='word_1_129' title='bbox 0 0 1586 5154; x_wconf 95' lang='lat' dir='ltr'> </span> 
     </span>
    </p>
   </div>
  </div>
 </body>
</html>
