3164 5154
613 244 817 302 SILVARUM
835 244 909 300 LIB.
928 243 982 298 111.
1002 245 1045 300 30.

767 553 887 617 XXX

359 768 471 845 VIRI
500 768 776 847 ILLUSTRIS
804 767 1069 845 MORITURI
1097 766 1291 844 VERBA.

348 982 443 1058 Vixi
473 991 526 1072 et,
557 1006 679 1081 quem
706 981 852 1056 tribuit
879 1005 977 1071 sors,
1007 979 1122 1055 tenui
1151 979 1294 1054 locum
1334 993 1433 1048 fota·

348 1090 502 1165 Rerum
531 1089 638 1163 inter
665 1089 800 1163 varias
829 1094 872 1162 et
900 1087 1043 1162 dubias
1071 1085 1198 1161 vices.

348 1197 476 1271 Musis
502 1195 716 1294 ingenium
745 1195 884 1271 nobile
912 1193 1063 1269 tradidi

348 1301 488 1403 Atque
518 1311 626 1377 artes
656 1302 792 1393 didici,
824 1327 928 1402 quae
956 1325 1127 1400 puerum
1157 1300 1325 1390 decent,
1428 1337 1439 1374 ι

349 1409 430 1500 Qui
457 1415 666 1509 praestare
696 1434 864 1509 operam
893 1407 1146 1508 principibus
1176 1408 1294 1483 velit.

348 1517 446 1593 Mox
474 1518 610 1593 aulam
638 1517 752 1616 petii,
783 1540 888 1614 quae
915 1515 1078 1615 placido
1109 1514 1204 1590 sinu

349 1625 522 1723 Excepit
548 1623 739 1698 iuvenem
767 1632 889 1722 atque
917 1623 1033 1697 auxit
1059 1622 1306 1697 honoribus.

349 1731 417 1806 Ad
445 1755 678 1830 supremum
708 1731 881 1829 apicem,
912 1754 991 1829 quo
1019 1728 1137 1804 licuit
1165 1729 1286 1817 mihi,
1439 1765 1450 1803 s

348 1839 562 1913 Eluctatus
592 1863 704 1913 eram
734 1837 892 1912 difficili
920 1837 1051 1935 gradu

349 1945 435 2020 Nec
463 1970 529 2019 me
558 1943 747 2019 destituit
774 1944 908 2042 gratia
936 1942 1136 2031 Caesarie,

351 2052 512 2126 Crebris
542 2051 747 2151 obsequiis
777 2076 900 2152 quam
929 2049 1059 2125 merui
1088 2074 1271 2149 quoque,

349 2159 495 2233 Donec
522 2162 687 2233 morbus
715 2165 833 2233 atrox
863 2157 1113 2257 opprimeret
1141 2157 1273 2250 domi,
1433 2190 1454 2228 υ

349 2266 460 2340 Mors
488 2265 689 2363 paulatim
717 2266 858 2339 avidas
887 2265 1061 2339 iniceret
1089 2288 1252 2340 manus,

349 2374 531 2469 Legatus
558 2397 747 2471 proceres
776 2377 920 2447 cautus
948 2372 1002 2446 ad
1029 2378 1195 2446 exteros

350 2479 544 2554 'Praetavi
574 2478 730 2553 domini
757 2480 877 2578 plura
903 2477 1073 2577 negotia

350 2588 403 2661 Et
430 2585 574 2660 foedus
602 2585 742 2685 pepigi
770 2611 854 2660 non
883 2585 970 2659 sine
999 2584 1140 2683 gloria.

350 2695 604 2768 Prudentem
632 2692 793 2791 imperii
821 2717 906 2767 non
933 2691 1055 2766 latuit
1082 2699 1215 2767 status

350 2804 436 2876 Nec
464 2806 629 2875 versuta
658 2800 809 2874 ducum
839 2798 1012 2874 consilia
1040 2806 1114 2874 aut
1142 2798 1239 2890 dcli,

352 2907 451 2998 Quis
481 2906 585 2981 sueti
615 2906 791 3004 patriam
820 2912 978 2981 vertere
1007 2904 1201 2981 funditus.

350 3015 536 3089 Discussi
564 3013 703 3104 tacite,
734 3014 831 3087 dum
859 3012 987 3112 potui,
1020 3013 1171 3099 onmia,
1427 3041 1451 3080 u

352 3120 570 3197 Communi
599 3120 696 3195 satis
725 3127 772 3197 ut
798 3120 1074 3220 prospicerem
1101 3120 1173 3195 rei.

350 3227 543 3302 Praevidi
573 3234 669 3303 ante
699 3228 807 3302 diem
837 3228 926 3301 dira
953 3227 1137 3325 pericula

350 3336 412 3426 Et,
441 3360 612 3433 quorum
641 3335 851 3425 intererat,
880 3335 1124 3432 praemonui
1153 3333 1294 3409 libens

350 3441 459 3516 Hinc
488 3441 670 3517 accrevit
696 3443 827 3517 honos
858 3450 900 3515 et
928 3442 1052 3517 decus
1080 3441 1275 3541 undique,
1425 3470 1448 3508 u

352 3548 485 3637 Quem
512 3547 620 3623 fastu
651 3549 797 3648 cupido
826 3572 910 3622 non
939 3555 1079 3622 tamen
1108 3548 1245 3640 ambii,

352 3655 581 3731 Contentus
609 3656 779 3731 miseros
809 3656 965 3730 solvere
994 3655 1178 3730 nexibus.

350 3763 469 3838 Nunc
500 3764 654 3838 decedo
685 3764 792 3857 solo,
822 3788 919 3836 nam
947 3768 1069 3836 vocat
1097 3763 1250 3837 arbiter

352 3869 482 3961 Orbis,
514 3871 583 3969 qui
611 3871 766 3945 meritis
794 3868 977 3969 praemia
1004 3870 1175 3943 reddere
1424 3896 1447 3937 u

351 3976 476 4052 Novit
504 3978 629 4075 digna
656 3978 769 4052 meis.
826 3978 915 4050 Iam
944 3984 1039 4076 peto
1069 3975 1215 4067 sidera,

351 4083 487 4158 Terris
516 4082 705 4184 aufugio:
736 4085 806 4159 lux
833 4083 969 4159 radiat
995 4083 1092 4183 poli.
