3164 5154
682 241 906 302 ‹savanen-

256 447 290 521 E
317 447 439 548 plebe
468 444 600 545 quivis
629 444 773 519 infima
800 444 998 520 damnum
1026 446 1155 541 dabit,
1302 444 1304 447 ’

362 552 475 628 Puer
501 550 673 628 nocebit
698 552 905 650 parvulus.

256 658 509 739 Acherontis
537 659 649 734 istud
675 661 801 734 robur
829 664 873 735 et
900 658 1036 759 Stygii
1064 660 1194 754 canis,

364 766 592 852 Proterere‚
621 765 797 855 laedere,
827 765 1011 865 perdere,

254 873 463 949 Prodesse
491 872 607 963 nulli,
637 871 847 971 porrigere
875 873 979 948 nulli
1006 895 1194 968 manum,

363 979 443 1070 Qui
470 1003 623 1078 pronus
650 977 695 1054 in
723 984 893 1078 puteum
923 979 1045 1056 cadit.

255 1081 372 1161 Haeo
400 1085 478 1160 tibi
505 1092 691 1186 potestas
720 1087 820 1176 sola,
849 1085 950 1162 licet
977 1086 1106 1162 addas
1134 1087 1287 1182 minas,

363 1193 515 1268 Parere
544 1192 579 1267 si
605 1192 840 1291 neglexere.
1388 1251 1407 1290 „

255 1299 437 1375 Decreta
464 1323 562 1375 vero
590 1323 677 1374 non
702 1299 844 1374 sinunt
870 1299 1023 1374 summi
1048 1299 1193 1400 patris,

364 1405 423 1482 Ut
448 1405 668 1482 veritatem
696 1406 895 1497 deseram,

256 1510 526 1589 Mendacibus
553 1512 620 1588 vel
646 1536 800 1588 nomen
829 1514 1045 1587 obscurem
1072 1515 1240 1614 probris

361 1617 505 1718 Atque
534 1618 693 1695 artibus
721 1643 909 1695 suescam
938 1619 1069 1702 malis.
1386 1676 1407 1715 ,⁶

255 1725 350 1800 Non
379 1726 578 1801 educatus
606 1725 668 1802 ita
693 1751 772 1801 nec
800 1725 982 1801 imbutus
1011 1725 1083 1819 fui,

363 1833 422 1912 Ut
449 1832 554 1908 falsa
583 1832 706 1908 certis
733 1830 972 1932 praeferam.

257 1938 365 2029 Quid
392 1939 610 2038 polliceris,
640 1941 738 2014 orbe
766 1964 833 2014 me
861 1936 1059 2038 magnum
1087 1938 1178 2017 fore

363 2045 532 2145 Opibus,
562 2047 729 2137 honore,
759 2046 901 2144 gloria,
1057 2107 1058 2111 η

256 2150 421 2229 Virtute
451 2153 618 2245 clarum,
649 2152 682 2228 si
710 2160 804 2228 tuas
832 2153 946 2252 leges
976 2156 1158 2252 sequar,

362 2258 535 2335 Imbelle
563 2259 804 2335 submittam
836 2261 991 2361 caput?

255 2365 432 2441 Facesse
461 2391 639 2466 serpens,
670 2367 883 2442 daemonis
912 2366 1094 2466 speciem
1122 2367 1249 2466 geris,

362 2472 527 2548 Illicere
554 2498 622 2548 me
650 2479 787 2549 tentas
815 2474 923 2549 dolo.

257 2579 378 2679 OpeS‚
408 2580 587 2655 honores
616 2579 761 2655 tribuit
789 2578 1014 2656 immensus
1043 2579 1157 2674 deus,

362 2686 583 2762 Praestare
612 2686 759 2786 quibus
786 2685 879 2763 illas
906 2686 1020 2778 libet,

255 2793 309 2866 Et
335 2818 473 2868 rursus
502 2793 660 2882 adimit,
691 2799 819 2892 auget
845 2817 895 2869 ac
924 2792 1075 2869 minuit
1104 2793 1239 2869 decus.

362 2900 574 2975 Terrestre
602 2899 741 2976 forsan
768 2924 923 2975 numen
951 2903 1022 2975 es?
1387 2950 1408 2990 a

258 3005 437 3082 Censere
465 3015 508 3082 te
538 3006 598 3082 sic
627 3006 813 3100 arbitror,
844 3007 995 3082 vermis
1023 3006 1162 3098 miser,

363 3113 516 3189 Inflata
542 3113 663 3205 bulla,
690 3114 866 3189 vanitas.

257 3217 424 3294 Subicio
454 3220 622 3295 domino
653 3227 806 3296 cuncta
834 3217 1019 3295 sublimis
1046 3219 1145 3318 poli,

362 3326 486 3401 Haud
515 3327 696 3403 hominis
725 3326 886 3427 accipio
916 3326 1070 3426 iugum.
1215 3392 1221 3396 ,

179 4121 181 4124 .
320 4016 768 4096 CHRISTIANORUN
798 4017 962 4094 INTER
992 4017 1056 4094 SE
1083 4017 1264 4107 BELLA.

259 4196 292 4272 Ο
323 4220 447 4295 quam
474 4194 671 4286 nefastus
700 4195 876 4287 nubilus,
905 4194 1049 4271 foedus
1067 4194 1178 4286 dies,
1269 4205 1321 4264 fol
1334 4205 1397 4264 111*

366 4302 456 4394 Quo
486 4309 709 4378 consenmt
736 4301 883 4378 fratres
911 4306 1092 4376 manus!·

258 4409 413 4488 Thebis
428 4408 625 4509 ‘profanis
655 4408 833 4508 contigit
859 4414 1024 4496 tantum
1054 4407 1206 4489 scelus:
1311 4413 1313 4417 ’

367 4516 557 4593 Seorevit
584 4515 691 4614 ignis
719 4515 876 4592 funera.
