3164 5154
699 244 903 301 SILVARUM

773 479 833 548 VI.

408 725 412 732 .
486 646 554 721 AB
584 644 826 760 OMNIBUS
854 640 1131 753 RELlCTUS.

328 804 427 895 Quis
447 803 549 877 mihi
580 802 810 902 praestabit
838 827 970 902 opem,
1000 826 1173 877 manum
1205 802 1297 901 quis
1308 815 1356 868 sol.
1373 817 1428 870 1342

326 911 519 1010 Porrigat
545 911 677 1010 lapso!
706 908 893 984 Patriam
920 908 1079 1008 reliqui,

329 1018 444 1108 Quae
471 1018 583 1117 prior
609 1043 676 1092 me
706 1017 905 1092 deseruit:
935 1023 1156 1116 parentum

435 1125 593 1200 Taedia
620 1123 719 1223 fugi.

328 1267 516 1343 Gratiam
543 1292 665 1342 nemo
695 1265 853 1342 meritis
881 1264 1073 1364 rependit

326 1375 422 1464 Neu,
450 1373 596 1472 quibus
623 1373 702 1448 feei
731 1376 847 1463 bene,
877 1397 943 1447 me
971 1378 1155 1447 tuentur:

327 1482 472 1556 Nullus
501 1488 565 1555 est
591 1480 775 1570 fratrum,
805 1502 899 1554 mea
927 1478 996 1579 qui
1023 1479 1212 1554 modeste

435 1588 616 1662 Vulnera
646 1594 771 1662 curet.

330 1730 516 1820 Quilibet
543 1728 649 1804 vitat
675 1728 863 1827 graviore
890 1753 1076 1827 pressum

330 1837 471 1927 Clade,
501 1836 624 1911 solari
652 1837 848 1911 miserum
876 1861 954 1910 nee
982 1835 1121 1924 audet,

328 1945 386 2022 Ut
413 1969 535 2018 ruens
565 1967 707 2019 omnes
735 1943 878 2042 procul
907 1949 1022 2017 arcet
1049 1966 1074 2016 a
1103 1967 1146 2017 se

435 2050 626 2125 Fulmina
655 2075 847 2148 quereus:

329 2192 473 2267 Nullus
503 2199 565 2267 est
591 2196 712 2267 rebus
741 2192 876 2267 dubiis
905 2192 1075 2265 amicus:

332 2299 522 2375 Creditur
549 2300 691 2375 multis
719 2298 866 2373 vitium
893 2299 959 2372 vel
990 2323 1102 2373 error

332 2405 460 2482 Casus
489 2409 695 2498 adversus,
725 2406 823 2481 licet
851 2431 876 2481 a
903 2404 1088 2501 maligna

438 2514 557 2590 Sorte
586 2514 803 2614 profectus¹

330 2653 424 2728 Non
453 2655 530 2730 erit
557 2656 745 2755 posthae,
775 2654 874 2753 quid
902 2660 1031 2754 agant
1059 2654 1231 2743 sodaleS,

333 2760 441 2836 Cura
468 2762 534 2836 vel
561 2788 738 2838 maeror:
769 2761 871 2835 mihi
898 2762 993 2837 vivo
1022 2762 1099 2836 soli

332 2870 384 2944 Et
412 2871 488 2943 deo
517 2869 648 2945 fidens
677 2868 841 2970 placida
868 2869 1005 2967 quiete

438 2976 569 3074 Exigo
598 2983 772 3076 tempua

777 3399 854 3463 VH.

421 3560 656 3639 CHRISTO
687 3561 978 3640 NASCENTE
1005 3563 1210 3642 VOTUM.

391 3723 523 3796 Natus
553 3732 616 3798 est
642 3723 762 3797 nobis
790 3723 959 3798 veniens
989 3726 1040 3799 ab
1070 3725 1189 3800 astris
1286 3735 1330 3790 fol.
1347 3732 1399 3788 1³4*-

394 3831 444 3903 llt
472 3830 563 3903 sinu
590 3831 718 3930 patris
746 3856 848 3929 puer
877 3830 1089 3922 aeviterni,

392 3937 545 4010 Ventre
574 3938 717 4012 matris
746 3938 931 4035 virgineo
960 3946 1159 4038 receptus,

497 4044 641 4119 Editus
671 4045 769 4136 orbi,

391 4185 557 4258 Crimen
585 4192 632 4260 ut
661 4188 830 4261 ductum
859 4187 961 4262 vitio
990 4195 1209 4287 parentum

389 4293 581 4384 Tolleret,
612 4319 687 4368 nos
718 4295 883 4369 servitio
914 4295 1070 4369 solutes

389 4400 595 4474 Redderet
623 4402 749 4493 caele,
779 4408 985 4501 premeret
1011 4401 1172 4500 potenti

499 4508 671 4582 Tartara
698 4508 808 4599 nixu,
