3164 5154
603 246 678 303 LIB.
695 247 719 306 I.
737 248 817 305 6-8.

178 447 372 547 Rolligi0,
400 472 562 523 morum
589 445 774 547 probitas
803 446 1039 524 auctoribus
1068 447 1157 525 istis

285 554 452 631 Illibato
481 552 614 654 fulget
641 554 810 630 honore.

175 658 385 737 Arcentur
411 658 584 754 fraudes,
611 658 735 735 vafris
764 659 985 736 mendacia
1012 660 1165 738 chartis

281 769 484 845 Delentur
509 766 768 866 flammisque
798 773 1041 860 cremantur,
1308 805 1334 845 a

177 879 234 956 Ut
260 876 394 977 pietas
421 874 563 973 vigeat
590 899 734 950 secura
761 880 804 951 et
830 874 973 950 vincat
999 875 1207 967 honestas,

283 982 453 1058 Florida
480 980 651 1081 cingant
678 987 789 1057 serta
814 981 1025 1081 pudorem,

176 1089 372 1167 Emineat
397 1088 538 1181 virtus,
568 1088 729 1164 animos
758 1087 994 1165 constantia
1020 1088 1168 1180 firmet,

282 1197 344 1272 Ne
371 1194 535 1296 fugiant
566 1193 807 1271 discrimina
832 1194 917 1286 leti,
1308 1232 1335 1272 a

176 1302 365 1379 Numinis
395 1305 446 1378 ob
476 1302 632 1378 cultum
661 1301 695 1375 si
725 1301 946 1401 quidquam
974 1300 1079 1377 ferre
1106 1325 1275 1379 necesse

282 1408 371 1485 Aut
398 1408 582 1486 divinum
609 1414 776 1510 propter
802 1433 996 1484 amorem.

175 1517 286 1592 Hinc
313 1515 429 1617 pueri
457 1516 603 1616 plagas
630 1515 740 1615 passi
767 1521 1016 1614 teneraeque
1043 1514 1217 1616 puellae,

283 1621 532 1698 Camificum
559 1647 637 1698 nec
665 1621 812 1698 terruit
838 1622 992 1697 horror.
1310 1660 1337 1700 a

176 1730 209 1807 Ο
239 1755 361 1830 porro
389 1735 552 1805 nostras
579 1729 789 1804 flammate
818 1727 1011 1828 cupidine
1038 1735 1207 1820 mentes,

280 1838 338 1915 Ut
364 1836 557 1912 Triadem
585 1835 643 1910 nil
670 1842 834 1935 praeter
862 1835 1046 1911 adorent.

662 2297 757 2367 VIIL

273 2460 608 2540 DESIDERIUM
647 2461 893 2539 AMANTIS
929 2462 1150 2541 ANIMAE.

290 2620 446 2712 Sidera,
477 2644 582 2721 quae
609 2621 773 2697 micatis
1197 2638 1247 2693 fol.
1267 2641 1320 2697 our·

180 2726 382 2803 Noctibus
411 2727 544 2821 claris,
573 2726 722 2804 faciem
752 2729 848 2804 dum
876 2728 1010 2806 variat
1036 2728 1169 2806 nitore

289 2832 480 2932 Cynthia,
511 2835 609 2909 dum
637 2835 807 2911 minutis

182 2939 385 3017 Cornibus
413 2939 556 3041 fulget,
585 2941 710 3017 radiis
739 2942 864 3043 plena
892 2942 1041 3019 deinde
1068 2942 1197 3019 lucet:
1323 2983 1336 3021 ι

287 3046 438 3142 Dicite,
469 3048 559 3148 quis
587 3048 631 3123 in
660 3049 740 3126 oris

181 3154 270 3231 Aut
295 3153 429 3254 plagis
457 3155 601 3231 mundi
627 3156 757 3232 lateat
783 3155 960 3257 pectoris
989 3155 1216 3232 aestuantis

287 3260 418 3337 Stella
445 3286 598 3354 serena,
627 3260 840 3364 Sponsus?

180 3368 274 3469 lpse
302 3392 369 3442 me
398 3367 511 3469 cepit
536 3369 691 3445 teneris
720 3376 763 3445 et
789 3369 921 3446 niveis
949 3372 1001 3445 ab
1031 3369 1169 3447 annis:
1324 3410 1337 3449 a

289 3471 463 3563 Quando
493 3474 604 3551 fruar
630 3475 763 3552 beatis

181 3580 345 3682 Nuptiis
373 3580 515 3681 Agrii?
544 3581 722 3681 Solymis
751 3582 907 3659 adiciar
934 3582 1110 3684 puellis?

288 3688 487 3787 Langueo
517 3713 656 3766 amore
685 3690 808 3782 dulci,

183 3794 266 3872 Sed
284 3802 477 3894 premunt
495 3803 678 3872 mentem
698 3799 894 3873 tenebrae
915 3821 993 3872 nec
1012 3795 1112 3873 licet
1130 3795 1293 3888 intueri,
1312 3835 1335 3874 ιε

290 3898 422 3990 Quem
450 3927 565 3978 meus
594 3904 716 3979 ardor
743 3903 885 3979 ambit.

182 4006 333 4083 Pellite
352 4010 547 4085 obscuras
562 4010 747 4103 nebulas,
768 4017 928 4086 maesta
946 4009 1115 4086 recedat
1132 4012 1295 4085 umbra:

289 4113 475 4191 Prodeat
501 4141 585 4191 una
611 4117 782 4194 tandem

183 4219 274 4295 Fax
300 4222 383 4296 mei
412 4222 574 4321 Sponsi.
613 4223 723 4301 Satis
752 4229 826 4318 est,
856 4222 890 4300 si
908 4223 1082 4316 videam,
1111 4222 1244 4299 nitere
1314 4260 1338 4300 o

293 4326 413 4404 Sidus
443 4329 620 4406 amicum
648 4330 692 4405 in
721 4334 842 4424 orbc;

181 4432 309 4510 Plura
334 4462 413 4512 nec
441 4444 628 4538 spectare
655 4438 759 4514 libet
785 4463 863 4513 nec
892 4437 1013 4538 cupio
1044 4435 1202 4514 exoriri.

635 4670 794 4682 ...ψ-...-
