3164 5154
694 274 908 332 CARMINUM

320 475 364 550 Si
391 483 527 551 motus
556 475 683 550 animi
710 500 794 552 non
823 474 990 552 cohibes
1018 499 1157 573 vagos

320 581 363 657 Si
392 583 515 658 solvis
545 582 719 682 cupidae
747 582 863 659 frena
890 581 1091 670 licentiae,

319 688 388 763 An
416 697 546 765 turres
574 689 735 765 validae
764 697 836 764 aut
862 688 1027 764 moenia
1054 687 1177 764 fortia

427 796 535 871 Tuto
564 795 768 896 praesidio
797 800 971 894 tegent?

708 1269 877 1333 XXXIV.

230 1468 504 1547 INGENIUM
536 1466 886 1545 INCONSTANS
918 1466 991 1545 AC
1024 1467 1225 1546 NIMIUM
1259 1468 1362 1546 SIBI

697 1591 900 1668 FIDENS.

319 1804 570 1880 Insanientis
599 1805 696 1878 dum
724 1803 952 1904 sapientiae
1300 1819 1349 1875 fol.
1369 1820 1418 1875 14¹-

321 1911 542 1987 Consultus
573 1936 682 1987 erras
711 1920 835 2009 atque
863 1909 1115 1985 Academica

373 2019 554 2093 Decreta
581 2018 887 2117 Pyrrhonisque
915 2041 1052 2093 versas

426 2123 614 2225 Ancipiti
643 2124 778 2200 studio
807 2124 979 2216 labores,
1107 2223 1110 2230 Ι

318 2283 553 2382 Numquam
580 2283 767 2360 Platonis
801 2283 911 2359 culta
938 2284 1148 2360 volumina

318 2390 356 2465 N
360 2416 407 2465 cc
437 2390 542 2465 scita
569 2391 725 2465 ducunt
751 2398 793 2465 te
823 2388 951 2465 Samii
979 2390 1102 2483 senis3

372 2496 520 2572 Edicta
546 2497 725 2572 Zenonis
753 2520 895 2571 severa

427 2603 740 2703 Socraticusque
768 2604 873 2678 sales
901 2601 1109 2700 relinquis,
1412 2626 1423 2666 ε

318 2762 459 2860 Nugas
486 2763 630 2839 inanes
657 2764 813 2862 fingere
840 2763 1032 2863 pertinax

318 2870 372 2944 Et
399 2877 512 2944 certa
538 2895 741 2969 nusquam
766 2869 963 2969 dogmata
991 2869 1171 2945 credere:

371 2975 465 3052 Non
492 2976 709 3052 veritatem
739 2976 862 3052 discis
891 2976 1030 3067 ullam,

425 3083 598 3181 Ingenio
627 3083 812 3158 variante
840 3081 965 3159 libros

204 3235 207 3242 ’
318 3241 463 3340 Aeque
483 3267 532 3316 ac
549 3242 781 3342 magistros.
811 3243 901 3319 Iam
915 3241 1048 3343 pietas
1064 3266 1225 3341 quoque

318 3348 506 3447 Antiqua
531 3349 616 3424 labi
645 3349 783 3449 coepit
811 3356 853 3424 et
880 3347 1051 3424 aedibus

373 3453 598 3531 Sinceritas
627 3455 770 3548 eiecta,
800 3456 920 3556 pulsa

427 3561 531 3638 oum
558 3562 680 3639 niveo
705 3562 922 3662 integritas
950 3563 1116 3664 pudore.

318 3721 491 3797 Fiducia
518 3748 661 3798 amens
690 3723 787 3822 quid
816 3723 973 3812 doceat,
1002 3721 1129 3812 vides,

318 3827 457 3926 Atque
485 3828 719 3905 immodesti
748 3829 924 3904 audacia
950 3828 1140 3929 pectoris.

369 3934 555 4011 Refleote
584 3961 779 4035 gressum,
809 3936 978 4012 haerere
1007 3935 1153 4010 sinon

422 4041 639 4142 Perpetuis
667 4042 848 4119 tenebris
876 4042 1043 4118 iuvabit.
1398 4065 1424 4104 ιο
