3164 5154
697 216 901 274 SILVARUM

377 416 426 492 Id
454 417 533 493 sibi
561 423 728 493 sumant
755 415 901 493 avidae
928 416 1092 517 puellae

375 524 515 625 Atque
543 548 646 601 anus
672 547 835 599 munus:
861 523 1083 624 peregrina
1108 522 1250 611 forma,

377 629 477 721 Quis
506 631 630 707 decus
657 655 743 707 non
771 637 835 707 est
863 632 982 724 oculi,
1014 630 1165 731 capilli,

483 737 657 830 Imbuat
685 744 813 813 ornet.

378 898 581 999 Tyndaris
607 921 693 973 non
721 904 812 975 arte
840 922 980 974 comas
1008 924 1088 975 nec
1115 923 1215 975 auro

380 1004 590 1096 Vinxerat,
620 1010 765 1105 captus
792 1010 936 1082 tamen
963 1005 1029 1081 his
1058 1007 1110 1082 ab
1139 1004 1216 1081 Ida

376 1112 526 1189 Pastor
552 1112 749 1188 advectus
775 1111 936 1211 patriae
962 1112 1126 1188 ruinam

487 1217 643 1295 Attulit
671 1218 829 1294 ardens.

377 1378 506 1478 Virgo
534 1379 727 1479 neglecto
757 1374 893 1479 magis
922 1405 991 1456 ore
1019 1379 1152 1480 fulget

378 1483 512 1575 Quam
538 1485 663 1561 nimis
693 1495 874 1587 compto.
903 1487 1048 1563 Facies
1076 1495 1252 1564 venusta

377 1591 460 1668 Sed
488 1598 606 1692 petat
633 1594 811 1669 caelum:
840 1594 976 1670 tenuis
1006 1594 1198 1695 voluptas

484 1699 685 1799 Vanaque
713 1707 859 1777 terrae.
945 1759 952 1768 ,

724 2039 852 2047 --Η
861 2041 882 2048 .-

754 2298 855 2364 XIX.

448 2523 451 2529 '
516 2510 807 2592 CONSTANS
834 2512 1095 2594 AMICITIA.

377 2726 558 2825 Legibus
587 2725 749 2824 scriptis
778 2724 880 2801 solio
909 2723 1112 2803 Tonantis
1278 2744 1327 2798 for.
1346 2745 1406 2799 iou·

377 2832 568 2908 Volvitur
595 2833 770 2908 mortale
798 2857 949 2931 genus:
979 2835 1104 2910 beata

378 2938 497 3015 Sorte
523 2939 705 3015 laetatur
730 2939 798 3015 vel
826 2942 977 3015 acerba
1005 2941 1131 3017 sentit

484 3046 678 3138 Vulnera,
708 3047 856 3122 clades.

378 3206 483 3282 Sunt
508 3205 621 3283 vices
648 3232 785 3283 rerum
813 3206 963 3298 variae,
993 3207 1147 3307 pericla

378 3312 549 3389 Crebra:
581 3314 649 3414 qui
677 3319 815 3389 motus
844 3312 923 3389 fuit
950 3338 973 3389 e
1002 3320 1161 3404 senatu,

376 3420 606 3519 Purpuram
634 3420 770 3510 sumit,
800 3422 944 3497 trabea
974 3421 1167 3520 superbit,

484 3527 654 3626 Sceptra
683 3527 873 3628 capessit.

377 3685 457 3775 Qui
485 3711 647 3762 sacrum
674 3712 807 3788 nuper
835 3686 1026 3764 diadema
1053 3687 1182 3787 gessit

377 3791 514 3894 Stirpe
541 3795 766 3894 praeclara,
796 3794 953 3870 meritis
983 3801 1026 3871 et
1052 3819 1166 3886 ausu,

375 3900 552 4000 Regium
581 3907 734 3977 sertum
762 3902 937 4002 populus
964 3901 1130 3977 rebellis

480 4008 643 4084 Ponere
671 4008 800 4083 iussit.

375 4165 535 4266 Arripit
563 4168 614 4243 de
643 4169 764 4267 plebe
792 4168 937 4260 virum,
968 4173 1139 4243 coronat

376 4272 586 4349 Verticem
604 4274 808 4369 Fortuna;
838 4276 988 4352 throno
1013 4281 1229 4374 potentem

374 4379 612 4481 Principem
641 4381 780 4475 trudit,
810 4381 914 4459 libet
940 4381 1187 4458 insolentem

482 4488 644 4563 Ludere
671 4489 818 4565 lusum.
