3164 5154
699 248 906 305 SILVARUM

326 448 494 525 Caesari
523 449 683 524 cladem
712 448 901 548 quotiens
930 449 1095 525 rebellis

325 557 465 633 Turba
491 554 649 631 molita
666 562 739 648 est,
769 557 856 632 fera
884 557 994 632 bella
1021 557 1230 633 Thracum

324 663 470 739 Intulit
498 663 653 752 ductor,
683 662 837 739 totiens
867 664 1030 764 Olympi

431 767 578 845 Adfuit
606 796 716 845 aura.

324 965 537 1041 Austriam
565 972 732 1065 gentem
761 965 891 1042 voluit
918 972 1118 1064 tyrannus

324 1073 510 1148 Perfidus
538 1078 629 1147 tota
657 1097 869 1148 removere
898 1080 1007 1149 terra

324 1182 432 1258 Usus
461 1178 613 1254 iniusto
644 1180 797 1279 gladio,
827 1205 987 1256 veneno

430 1286 537 1364 Usus
566 1286 720 1386 iniquo.
1374 1342 1390 1380 12

323 1483 416 1558 Heu
445 1482 578 1557 scelus
607 1488 818 1581 quantum,
850 1482 1062 1558 dominum
1091 1491 1296 1584 potentem

323 1591 372 1664 In
401 1596 526 1688 caput
552 1588 630 1664 niti
658 1589 825 1664 alterius
854 1590 1045 1665 nefandis

323 1695 506 1787 Artibus,
536 1696 646 1795 turpi
675 1696 907 1771 accelerare
936 1703 1113 1772 mortem

429 1803 591 1877 Fraude
619 1803 860 1903 propinqui!

324 2007 512 2083 Vidimus
540 2013 681 2081 nostro
710 2005 869 2081 facinus
897 2005 1115 2106 profanum

325 2113 516 2189 Saeculo:
547 2115 682 2188 Turoa
709 2121 756 2188 ut
783 2113 1016 2191 medidatus
1044 2115 1169 2191 annis

324 2219 509 2319 Aggredi
537 2246 623 2311 nos,
656 2220 934 2296 Christiadum
964 2223 1157 2298 cohortes

432 2328 533 2404 Tela
560 2327 809 2403 ministrant.

325 2521 434 2611 Quid
461 2523 576 2598 nefas
607 2523 773 2598 crudele
802 2523 943 2598 iuvat?
972 2524 1071 2622 quid
1098 2524 1161 2600 ira

322 2628 448 2728 Regis
478 2631 696 2705 immanis?
726 2630 825 2705 Ruit
853 2631 1077 2730 imperator

322 2736 552 2828 Bistonum,
585 2737 809 2813 Germania
837 2736 993 2836 frangit
1022 2738 1126 2813 aeris

430 2844 595 2920 Cornua
622 2845 757 2919 lunae.

322 3040 423 3114 Dira
452 3066 556 3139 quae
584 3047 626 3114 te
656 3040 802 3116 seditio
832 3038 1009 3130 lacessit,

325 3147 486 3238 Caesar,
517 3147 672 3222 invicto
703 3148 815 3221 cadit
842 3148 928 3223 iota
956 3146 1083 3223 ferro:

323 3254 478 3354 Irnpios
507 3254 691 3329 vindicta
719 3254 880 3354 premit,
910 3261 1108 3329 nocentes

430 3360 588 3437 Arbore
616 3361 809 3461 pendent.

323 3555 492 3630 Arbiter
519 3556 662 3630 mundi
692 3556 791 3631 deus
822 3561 900 3631 est:
930 3580 1072 3630 severa

322 3665 434 3760 Lege
464 3663 642 3762 castigat
668 3663 868 3763 populum
897 3665 1128 3763 superbmn‚

325 3770 431 3845 Sede
461 3797 554 3845 curn
584 3771 713 3845 donet
741 3770 880 3846 stabili
906 3770 1154 3857 modestum,

429 3876 577 3952 Servet
604 3878 647 3951 in
677 3903 835 3952 aevum.
