3164 5154
709 227 910 286 snvsnuu

326 432 426 508 Diro
454 456 528 507 rex
557 430 664 523 odic,
693 429 876 505 moribus
905 427 1053 518 efferis,

327 538 476 616 Caedit
504 536 771 627 Christiadas,
802 534 945 634 diripit
972 540 1019 610 ut
1045 535 1166 633 lupus

327 644 494 722 Crudeli
523 669 592 719 ore
620 641 769 744 rapax:
799 641 968 741 agmina
993 640 1219 717 Bistonum

432 750 582 838 Armis,
612 749 783 826 consilio
812 750 938 824 iuvat.

327 911 493 1001 Quanta
523 910 621 985 olim
649 909 787 1009 potuit
814 907 1015 1008 sanguine
1043 908 1285 983 Teutonum

325 1016 497 1116 Aequiri
525 1017 706 1092 Domino
734 1015 878 1114 gloria,
907 1016 1051 1106 honor,
1082 1013 1209 1090 decus

325 1123 511 1199 Devictis
539 1124 691 1199 totiens
719 1121 905 1198 hostibus
932 1121 1083 1222 impiis,

432 1230 485 1304 Ni
514 1232 698 1306 obstaret
725 1231 947 1305 vehemens
975 1228 1113 1304 furor?

328 1390 445 1464 Haec
473 1390 656 1480 tandem,
685 1388 884 1480 Nemesis,
914 1387 1057 1464 nubila
1086 1388 1255 1490 dissipa,

328 1495 501 1596 Castiga
527 1496 775 1571 indomitum
804 1494 1006 1595 supplicio
1035 1493 1164 1587 nefas,

328 1604 386 1680 Ut
416 1609 540 1703 cogat
567 1602 747 1678 tumidos
777 1626 901 1677 saeva
927 1602 1156 1678 necessitas

432 1710 672 1785 Formidare
701 1708 767 1784 dei
794 1733 976 1784 manum.

778 2306 843 2370 XI.

237 2518 403 2597 RATIO
433 2519 503 2595 ET
530 2520 783 2597 EXEMPLA
813 2520 1105 2600 SOLANTUR
1132 2522 1378 2602 MISEROS.

328 2731 495 2831 Excipit
521 2732 660 2808 sannis
688 2735 871 2833 populus,
899 2734 1048 2811 marito
1299 2752 1349 2807 for
1365 2752 1409 2806 91²·

329 2839 443 2915 Uxor
471 2839 653 2931 insultat,
684 2840 833 2916 misero
862 2842 1049 2918 laborum

327 2945 459 3021 Fasce
489 2945 585 3019 dum
615 2946 736 3020 sudas
767 2971 936 3046 operum
964 2947 1170 3049 frequenti

434 3053 544 3127 Mole
573 3060 779 3151 gravatus.

327 3211 438 3286 Vera
465 3217 507 3286 te
536 3214 661 3287 ducat
686 3212 792 3288 ratio
821 3239 899 3288 nec
927 3238 1038 3290 error

327 3316 478 3393 Mentis
508 3321 681 3394 offuscet
706 3318 872 3395 niveum
901 3321 1092 3415 colorem,

329 3425 511 3502 Suadeat
537 3433 801 3502 contemnere
829 3429 955 3503 verba
980 3430 1113 3528 plebis

435 3531 567 3632 Saepe
596 3531 779 3607 furentis.

328 3691 558 3791 Coniugem
586 3693 742 3770 blando
775 3693 923 3771 doceat
951 3695 1118 3772 domare

328 3797 427 3891 Ore,
459 3799 570 3896 quod
598 3800 633 3874 si
659 3825 745 3875 non
773 3800 896 3891 iuvet,
927 3801 1084 3878 acriore

326 3903 381 3979 Vi
407 3904 609 3980 renitaris:
637 3907 790 3983 laribus
819 3909 891 3983 sed
919 3909 1057 3986 absint

433 4010 588 4111 Turpia
614 4016 775 4112 probra.

324 4168 542 4246 Feminam
570 4169 694 4270 fregit
721 4173 889 4273 sapiens
918 4174 1084 4250 Idumes

325 4275 440 4351 Voce
468 4277 672 4376 prudenti,
701 4304 811 4377 vaga
843 4281 957 4355 dicta
983 4281 1075 4356 risit

325 4381 487 4457 Ductor
514 4384 728 4460 Hebraeus
756 4388 898 4485 populi
926 4413 1111 4464 susurros

435 4488 638 4589 Spemere
668 4498 872 4569 constans.
