3164 5154
700 225 907 284 SILVARUM

772 531 833 596 IV.

618 742 825 822 BACCHI
853 745 1002 823 LAUS.

324 957 489 1049 Vinum,
520 957 694 1049 sodales,
725 956 906 1032 carmine
934 956 1104 1058 poscite,
1301 972 1410 1030 10166

323 1064 480 1139 Bacchi
507 1088 706 1138 canamus
733 1062 857 1139 fortia
883 1063 1059 1164 proelia:

378 1170 492 1245 Indis
520 1169 628 1245 redit
654 1169 775 1245 victis
803 1169 1061 1270 triumphans

431 1277 485 1351 Et
512 1276 692 1351 tumidos
720 1276 862 1352 necuit
888 1283 1097 1375 tyrannos.

326 1436 405 1527 Qui
435 1436 699 1511 conserendis
727 1434 880 1511 vitibus
908 1435 1033 1535 impie

327 1542 536 1618 Obsistere
564 1541 654 1616 ausi
682 1548 788 1633 sunt,
818 1542 978 1616 tumulo
1008 1542 1106 1617 dati.

378 1648 532 1724 Verum
560 1649 769 1723 modestos
797 1648 1001 1723 recreavit

431 1754 735 1853 Laetitiamque
764 1754 862 1830 tulit
888 1761 1078 1854 receptus

325 1914 487 2013 Hospes
515 1912 787 2012 frequentem:
815 1937 985 1988 munere
1013 1915 1195 1993 nectaris

325 2020 467 2095 Dulcis
496 2019 651 2096 tributo
681 2019 1000 2095 sollicitudinem

378 2126 548 2201 Maestis
577 2125 744 2216 ademit,
772 2151 825 2200 ne
853 2126 1028 2202 molesto

433 2231 590 2308 Taedia
619 2233 887 2331 conciperent
913 2233 1065 2309 labore.

326 2392 457 2466 Donis
485 2391 614 2490 Lyaei
641 2416 717 2466 nos
748 2392 934 2492 cupimus
962 2390 1053 2482 frui,

328 2497 439 2588 Quos
468 2497 602 2573 mollis
631 2505 757 2589 aetas,
788 2523 889 2598 quos
918 2497 1076 2574 senium
1094 2503 1235 2596 tenet3

380 2604 486 2680 Nam
516 2605 617 2678 dura
645 2603 765 2679 siccis
795 2611 944 2681 cuncta
970 2630 1126 2681 numen

432 2710 655 2810 Proposuit
682 2711 858 2786 madidis
885 2711 1124 2810 benignum.

270 2875 272 2879 ’
326 2867 385 2944 At
412 2894 534 2944 nemo
563 2870 645 2943 fixo
675 2895 700 2945 a
728 2870 860 2945 limite
889 2876 1073 2946 transeat

327 2976 380 3049 Et
407 2975 525 3074 plura
553 2982 690 3050 sumat
717 2977 877 3075 pocula,
908 3002 1033 3077 quam
1061 2976 1194 3069 decet,

379 3080 483 3157 Cum
511 3082 644 3180 iurgia
671 3081 779 3174 hinc,
807 3084 921 3158 rixae
951 3089 992 3158 et
1019 3085 1234 3178 tumultus,

429 3187 629 3263 Difficiles
658 3189 842 3264 oriantur
869 3190 964 3265 irae.

725 3508 885 3518 —.-.

787 3734 828 3799 V.

406 3945 608 4025 INGENS
637 3948 724 4024 VIS
754 3947 1202 4027 OBSECRATIONIS.

329 4155 460 4246 Quam
489 4156 610 4232 foede
639 4160 811 4252 aberrat,
840 4160 909 4258 qui
936 4161 1070 4259 pretio
1099 4161 1208 4260 petit
1297 4177 1345 4230 fol.
1361 4175 1406 4230 88*-

326 4263 498 4338 Placare
525 4290 690 4355 numen,
723 4291 816 4340 oum
844 4268 1034 4365 precibus
1064 4274 1204 4366 queat!

382 4370 621 4447 Gemmisne
648 4372 714 4446 vel
741 4372 853 4447 fulvo
882 4373 1049 4449 metallo

436 4477 635 4554 Conditor
662 4478 823 4578 indiget
850 4479 1054 4554 universi?
