3164 5154
641 259 715 313 LIB.
734 258 787 313 IX.
807 260 922 315 18-20.

357 457 463 550 ‚Quo
491 456 594 531 mihi
624 456 722 531 divi‘
753 456 964 559 (incrimae
994 457 1177 533 dolorem

356 563 551 663 Arguunt
579 562 759 665 crebrae)
790 564 946 657 ‚Venus
975 570 1018 639 et
1046 564 1225 664 Cupido!

358 670 448 761 Quo
478 670 580 745 mihi
608 672 773 770 proles?
802 672 997 747 Poteram
1027 696 1166 747 carere

463 778 653 853 Pondere
680 777 754 853 tali
768 783 792 851 ii

358 919 441 994 Cur
468 921 545 996 tibi
574 921 757 996 vinclum
786 921 942 1020 placuit
970 922 1120 1020 iugale,

357 1027 497 1102 Liberi
525 1054 619 1102 cum
649 1027 732 1102 sint
761 1026 902 1102 oneri?
931 1030 1100 1104 volebas

358 1133 529 1233 Semper
556 1158 726 1209 uxorem
755 1136 967 1210 sterilem?
995 1134 1175 1234 Negavit

463 1241 626 1316 Numen
655 1241 815 1317 amoris.

744 1593 828 1659 XX.

174 1754 315 1833 DEUS
343 1756 570 1834 PAUPERI
599 1756 921 1834 THESAURUS
950 1756 1019 1833 ET
1047 1757 1385 1837 PRAESIDIUM.

303 1915 475 2014 Colligit
501 1915 727 2014 Pompeius
757 1941 865 2015 opes,
894 1941 1019 1991 avaro
1253 1931 1303 1985 τοι.
1324 1933 1397 1987 160¹·

303 2022 436 2097 Corde
465 2048 566 2121 quas
595 2029 741 2114 servet,
771 2023 924 2099 laribus
952 2025 1167 2099 recondat:

302 2130 489 2204 Exstruit
515 2137 659 2221 turres,
691 2129 837 2229 quibus
866 2130 1129 2206 imminentes

409 2235 565 2312 Arceat
591 2237 743 2312 hostes.

303 2379 443 2455 Credit
470 2380 551 2455 hoc
579 2404 623 2454 se
650 2377 857 2478 praesidio
885 2379 1048 2479 periclis

302 2487 436 2561 Eximi
465 2487 564 2561 belli
591 2512 669 2561 nec
698 2511 819 2584 egere
847 2511 979 2585 posse,

305 2594 527 2669 Caesarum
555 2592 737 2667 numinis
767 2593 963 2692 quoniam
991 2592 1163 2667 vetustis

410 2699 560 2776 Omnia
587 2701 722 2800 plena.

304 2841 465 2918 Cuncta
490 2841 598 2917 fures
628 2841 838 2939 diripiunt,
868 2846 1041 2940 penates

302 2948 354 3023 Ni
382 2951 511 3049 probe
541 2949 721 3043 claudas,
750 2948 834 3022 ruit
860 2948 992 3022 imber
1020 2954 1137 3023 atrox

303 3055 466 3155 Ignium
497 3080 635 3130 muros
664 3053 822 3129 validos
851 3063 894 3131 et
921 3079 1035 3129 arces

408 3163 600 3237 Fulmina
628 3168 805 3237 vertunt.

302 3304 466 3379 Numen
497 3329 621 3379 exoro
650 3303 799 3402 potius,
832 3304 943 3402 quod
971 3327 1117 3377 aurum

303 3411 445 3486 Vincit
473 3418 515 3486 et
543 3435 740 3510 gemmas,
772 3411 882 3510 quod
912 3435 1032 3509 opem
1062 3409 1271 3484 ministrat

303 3519 441 3594 Rebus
469 3517 649 3609 incertis,
680 3517 792 3616 quod
821 3517 874 3591 ad
902 3518 989 3592 alta
1016 3517 1185 3593 tandem

411 3623 556 3701 Sidera
582 3622 703 3699 tollit.

302 3768 455 3843 Pectus
482 3767 562 3842 hoc
590 3772 727 3841 tutum
756 3765 888 3865 clipeo
917 3764 1123 3839 furentem

303 3875 511 3949 Provocat
538 3873 749 3964 mundum,
779 3871 929 3948 faciem
957 3871 1123 3970 tyranni

303 3981 430 4057 Ridet
457 3980 562 4073 irati,
590 3979 734 4080 populi
762 3977 911 4055 ferocis

410 4088 620 4162 Murmura
648 4086 815 4185 spernit.

305 4229 338 4305 Ο
369 4231 481 4321 deus,
512 4230 639 4303 ducas
668 4227 851 4303 animum
879 4228 1098 4316 volentem,

306 4336 396 4427 Quo
426 4335 501 4411 tibi
530 4336 678 4410 visum:
706 4335 852 4433 procul
879 4333 977 4409 hinc
1006 4339 1167 4432 egestas

305 4443 437 4519 Cedet
464 4469 513 4518 ac
541 4450 682 4533 terror,
713 4441 862 4541 cupido
892 4440 1035 4515 salutis

411 4548 573 4626 Sufficis
601 4574 718 4624 unus.
