3164 5154
179 235 223 296 86

724 223 943 284 naamon

284 424 412 517 Felix,
440 423 507 500 cui
535 423 680 500 similis
707 423 769 500 tui

393 529 531 607 Stellio
559 529 992 630 contigerit'nympha
1017 527 1278 607 formatus!

287 636 457 713 Cunctis
487 642 597 712 sorte
624 635 788 711 beatior

393 741 590 819 Censebit
614 741 748 816 niveis
772 745 966 840 tempora
984 739 1173 823 ⁴calculis.

284 849 440 926 Verum
467 872 521 924 ne
548 870 742 949 properes
769 845 905 941 nimis,

392 952 426 1031 O
454 951 584 1054 virgo,
612 952 829 1053 ambiguos
856 977 936 1028 nec
960 952 1167 1030 thalamos
1194 957 1328 1055 petas.

283 1063 390 1137 Nam
419 1083 521 1159 quas
549 1055 717 1136 delicias
744 1064 879 1158 putas,

392 1165 555 1241 Cedunt
582 1165 627 1240 in
653 1164 844 1241 lacrimas
872 1188 923 1241 ac
950 1163 1130 1265 gemitus
1157 1170 1309 1242 truces.
1411 1221 1432 1261 u

282 1271 440 1372 Ingens
468 1270 663 1346 nobilitas
689 1276 765 1345 tua

388 1375 455 1454 Aa
482 1383 699 1478 praestans
726 1375 884 1477 species
913 1377 994 1454 oris
1023 1383 1066 1454 et
1091 1377 1238 1454 inclita

282 1482 424 1559 Virtus
454 1508 535 1583 quo
562 1483 696 1582 pretio
724 1483 888 1559 nitent?

391 1589 492 1679 Quis
521 1589 669 1688 dignus
696 1595 842 1666 tenera
868 1612 1044 1692 sponsus
1071 1589 1152 1666 crit
1178 1593 1334 1666 manu?
1411 1644 1433 1685 „

283 1695 327 1772 Si
354 1720 442 1771 rem
470 1694 663 1797 dispicias
689 1699 819 1798 probe

388 1802 474 1877 Nec
502 1800 630 1879 fallax
658 1803 842 1878 animum
870 1802 996 1878 ducat
1024 1800 1162 1903 opinio

281 1905 369 1983 Aut
398 1932 546 1983 caecus
574 1907 759 1985 stimulet
786 1908 913 2002 furor,

389 2014 567 2115 Spernes
596 2015 780 2114 coniugii
808 2013 944 2090 tristia
970 2011 1151 2091 vinctrla:

284 2119 409 2196 Caelo
438 2120 569 2196 libera
596 2121 760 2198 servies.

390 2225 459 2301 Sic
486 2225 616 2303 vitam
643 2228 772 2304 tacito
801 2226 1029 2327 transigere
1048 2226 1134 2304 otio

281 2331 412 2408 Nullis
440 2330 574 2408 fracta
599 2333 810 2409 laboribus

388 2439 443 2512 Et
470 2463 629 2515 summo
659 2439 815 2540 poteris
842 2440 1012 2515 numine
1039 2436 1206 2540 perfrui.

281 2544 350 2621 Sic
377 2569 456 2620 nec
483 2545 637 2622 ventris
666 2571 770 2622 onus
792 2571 919 2645 grave

385 2652 423 2727 N
425 2676 472 2727 ec
499 2658 641 2753 partus
669 2659 829 2729 metues
858 2677 982 2729 saeva
1009 2650 1203 2752 pericula.

279 2754 338 2834 Ut
365 2761 503 2832 castus
530 2758 664 2858 pudor
692 2759 866 2835 emicat!

386 2863 445 2940 Ut
472 2864 601 2962 gratis
628 2864 793 2941 radiant
819 2864 907 2940 lilia
935 2862 1150 2940 odoribus!

281 2967 364 3044 Sed
390 2993 477 3045 non
504 2970 607 3045 dura
632 2972 861 3049 necessitas

386 3075 447 3150 Te
476 3084 610 3176 cogat,
639 3077 777 3178 potius
804 3077 1036 3175 virgineum
1067 3074 1187 3153 iubar

278 3179 332 3254 Et
359 3187 524 3257 sanctus
552 3183 689 3283 rapiat
715 3184 839 3274 calor,

391 3286 525 3363 Vestis
553 3296 798 3389 perpetuum
825 3295 872 3365 ut
898 3288 954 3364 sit
983 3287 1061 3365 tibi
1089 3287 1282 3365 candida:

281 3391 389 3468 Nam
416 3394 574 3470 nullum
603 3397 846 3495 obsequium
874 3397 1024 3496 placet,

388 3496 508 3589 Quod
535 3526 620 3576 non
648 3502 816 3578 arbitrio
844 3501 983 3602 prodit
1009 3502 1062 3576 ab
1090 3500 1260 3602 optimc.

749 3874 865 3945 XXV.

198 4016 329 4096 VITA
357 4019 461 4097 SAT
487 4018 677 4103 LONGA
705 4021 973 4101 STUDIOSE
999 4019 1419 4108 LABORANTIBUS.

278 4164 476 4241 Mortales
505 4166 664 4266 queruli
693 4191 848 4242 sumus:
1301 4183 1353 4242 fot
1370 4187 1419 4242 aa·

385 4272 583 4348 Naturam
611 4272 833 4372 arguimus,
865 4271 976 4374 quod
1002 4272 1176 4350 nimium
1209 4276 1346 4353 brevis

278 4376 386 4454 Aevi
413 4378 542 4453 livida
568 4379 746 4456 termino

385 4485 578 4561 Humano
608 4492 766 4562 statuat
793 4484 955 4586 spiritui
982 4485 1163 4563 modum.
