3164 5154
706 241 908 296 SILVARUM

768 544 844 609 VH.

458 778 781 857 AUDIENDUM
810 778 1031 856 VERBUM
1060 779 1163 855 DEI.

325 993 420 1066 Non
447 991 524 1066 tibi
553 998 619 1066 sat
647 991 770 1066 docta
798 990 990 1065 videntur
1019 1016 1120 1082 esse,
1290 1005 1407 1062 solisv-

324 1098 481 1172 Praeco
512 1123 617 1197 quae
645 1123 792 1172 raucus
822 1095 1022 1172 cathedra
1049 1096 1252 1197 profatur:

327 1204 469 1281 Sermo
498 1203 663 1280 vilescit
690 1204 825 1279 minus
855 1204 1013 1279 erudito

432 1311 564 1386 Fusus
594 1313 645 1386 ab
675 1336 752 1386 ore.

325 1506 464 1582 Verba
490 1506 662 1606 proferri
693 1505 855 1604 eloquio
886 1506 1038 1580 diserto

324 1613 512 1687 Numinis
540 1613 690 1712 poscis,
722 1613 820 1712 quia
847 1613 975 1712 digna
1003 1614 1138 1706 cedro,

328 1720 467 1819 Digna
496 1727 592 1795 sunt
620 1744 732 1810 aum,
761 1721 934 1794 memori
962 1721 1145 1795 tenenda

431 1827 606 1901 Pectore
635 1851 806 1924 semper.

325 2021 433 2111 Quid
460 2028 602 2096 tamen
632 2022 840 2096 causaris?
870 2023 1039 2098 Habent
1065 2023 1252 2122 vigorem

324 2128 452 2203 Dicta
481 2128 611 2203 divini
639 2129 818 2228 repetita
847 2128 997 2229 sponsi,

324 2235 488 2333 Lingua
516 2235 571 2309 sit
599 2235 785 2335 quamvis
814 2236 925 2310 rudis
955 2243 996 2312 et
1022 2234 1221 2311 vacillans

433 2341 565 2441 Copia
592 2341 718 2417 fandi.
1382 2386 1398 2425 u

324 2538 418 2611 Non
445 2537 553 2637 perit
579 2536 716 2636 fulgor
743 2536 883 2612 viridis
913 2538 1131 2636 smaragdi,

324 2644 515 2719 Pendeat
542 2645 648 2718 collo
678 2643 778 2720 licet
805 2670 831 2720 a
858 2644 989 2718 senili:

322 2749 539 2849 Languido
568 2750 697 2826 virtus
726 2750 853 2824 animi
882 2750 1120 2850 frequenter

430 2858 610 2955 Corpore
641 2864 814 2934 constat.

321 3054 480 3129 Audias
509 3055 679 3127 verbum
706 3053 878 3127 Domini
906 3053 1102 3127 libenter:

320 3161 499 3239 Uberem
528 3158 709 3235 fructum
737 3158 900 3254 referes,
931 3159 1103 3234 salutem

321 3267 489 3343 Scilicet
516 3265 679 3356 mentis,
709 3265 785 3341 tibi
814 3291 937 3365 quam
967 3264 1115 3342 datura

429 3372 576 3449 Gratia
605 3372 720 3448 caeli.

325 3566 468 3643 Vanus
497 3566 661 3641 auditor
690 3567 879 3665 quotiens
907 3566 1057 3641 redivit

324 3673 480 3773 Spiritu
508 3674 639 3749 multo
668 3673 833 3772 gravior
858 3680 1028 3773 recepto

320 3778 505 3856 Aedibus
534 3779 686 3856 sacris?
715 3779 886 3855 Meliora
914 3803 1140 3878 numquam

427 3887 582 3986 Sperne
611 3894 861 3962 monentem.
