3164 5154
539 248 613 305 LIB.
632 248 686 307 111.
706 251 821 306 28-29.

610 552 748 619 XXIX.

175 767 355 846 senex
381 767 617 846 nmmum
644 771 858 849 uersus
889 770 1195 849 vmnrcmu

554 894 803 996 cunnum.

203 1092 293 1181 Quo
323 1090 460 1167 tendis
488 1095 663 1166 amens?
693 1117 773 1191 quc
803 1093 975 1170 Veneris
1003 1119 1105 1194 puer
1167 1110 1217 1165 fol.
1236 1111 1289 1167 98¹·

201 1199 330 1274 Ducit
356 1199 596 1274 volentem?
626 1225 705 1298 quc
735 1199 846 1276 furor
875 1201 1052 1301 abripit?

255 1305 422 1381 Crimen
451 1304 591 1380 fateris
619 1332 696 1381 nec
725 1308 894 1382 recondi

309 1412 441 1512 Culpa
468 1419 606 1512 potest
634 1413 799 1489 sceleris
827 1416 1018 1513 pudendi.

201 1572 397 1649 Vindicta
424 1598 567 1648 vecors
595 1579 637 1647 te
666 1574 851 1650 stimulat
878 1582 1036 1651 tamen:

201 1681 334 1755 Iratus
363 1679 538 1778 adfligis,
568 1680 736 1756 monitis
765 1681 848 1755 suis

255 1785 334 1876 Qui
363 1787 511 1863 semita
539 1790 742 1887 optabant
769 1788 911 1863 salutis

306 1893 383 1985 Ire,
413 1893 529 1968 nefas
555 1895 700 1994 procul
727 1920 930 1971 amovere.

202 2053 351 2129 Castae
378 2055 540 2154 puellae
568 2061 610 2130 te
639 2055 769 2154 digito
798 2064 955 2145 notant

200 2160 347 2237 Maesti
374 2161 512 2236 mariti
540 2162 784 2262 coniugibus
812 2163 971 2249 timent,

253 2269 433 2344 Tentare
462 2294 562 2369 quas
590 2272 739 2368 probro
768 2270 881 2344 haud
908 2271 1070 2360 vereris,

304 2375 474 2451 Munere
504 2375 725 2452 sollicitare
753 2377 890 2451 misso.

200 2534 344 2610 Celare
373 2535 484 2610 silvis
511 2542 554 2611 te
583 2536 719 2636 potius
751 2537 875 2625 iuret,

199 2640 365 2716 Delicta
395 2666 532 2718 eremo
563 2643 717 2719 diluere
746 2643 924 2733 horrida,

251 2748 488 2824 Mortalium
518 2775 597 2848 quc
626 2776 749 2825 nemo
779 2757 923 2826 cernat

304 2855 392 2930 Aut
421 2857 561 2931 oculos
590 2856 711 2933 feriat
741 2857 911 2958 Cupido.

200 3013 348 3090 Sordes
377 3016 464 3091 solo
494 3016 591 3092 abdi
621 3043 713 3090 cum
742 3018 888 3093 tetrico
919 3026 1084 3117 queant,

199 3120 318 3197 Celso
347 3122 477 3197 videri
503 3149 588 3199 non
617 3125 718 3200 solio
748 3125 888 3200 decet:

251 3228 432 3304 Obscura
462 3239 700 3330 tesquorum
729 3239 771 3306 et
797 3229 973 3306 ferarum

302 3336 453 3411 Lustra
482 3344 627 3436 tegant
654 3339 806 3415 vitiosa
832 3341 1028 3412 membra.

197 3495 265 3570 Sic
292 3496 399 3571 latro
430 3498 650 3595 quondam,
681 3498 738 3573 sic
766 3498 959 3573 meretrix
987 3525 1057 3573 rea

196 3603 345 3677 Densis
373 3603 563 3680 latebant
591 3607 664 3680 sub
693 3631 910 3681 nemorum
940 3608 1079 3694 comis

250 3710 309 3787 Ut
335 3712 536 3787 lubricam
566 3738 717 3788 noxam
748 3713 973 3811 expiarent,
1035 3801 1040 3811 ι

302 3817 549 3895 Assererent
577 3820 655 3894 sibi
683 3820 771 3894 iura
801 3819 917 3895 caeli.

194 3976 286 4051 Hoc
315 3979 524 4070 aemulari,
556 3979 729 4070 Cretica,
759 3981 964 4071 convenit,

194 4081 308 4158 Inter
335 4083 494 4161 feroces
525 4087 673 4185 degere
701 4088 856 4177 beluae,

247 4190 304 4267 Ut
331 4193 612 4291 paenitentem
641 4195 809 4268 tandem
839 4196 1036 4294 Olympus

300 4299 458 4399 Eripiat
487 4299 642 4398 Stygiis
671 4300 864 4375 tenebris
