3164 5154
583 448 666 514 ΧΠ.

457 612 801 715 eunomius,

199 774 391 849 Pluribus
418 775 539 848 rebus
567 773 745 873 pretium
773 780 956 850 vetustas
1105 788 1155 843 fol.
1176 790 1248 845 169¹·

199 881 336 971 Ponit,
367 880 529 956 accedit
556 879 689 954 dubiis
718 883 770 956 ab
800 881 918 956 annis

200 988 393 1088 Dignitas
422 989 565 1080 maior,
596 988 720 1061 deous
749 993 875 1088 atque
903 990 1079 1065 honores

306 1097 510 1194 Tempore
542 1100 744 1170 crescunt.

200 1256 310 1329 Hine
339 1263 381 1331 et
409 1255 600 1354 antiquas
628 1279 873 1330 veneramur
901 1280 1005 1346 aras,

201 1364 377 1461 Templa
404 1362 612 1454 miramur,
643 1360 792 1436 statuis
821 1360 1025 1437 favemus:

203 1469 424 1548 Conditum
453 1469 594 1543 vinum
623 1468 769 1543 melius
798 1467 960 1544 videtur

304 1576 482 1653 Consule
510 1576 660 1675 priseo.
1241 1628 1254 1666 ⁸

204 1739 333 1814 Grata
361 1745 458 1812 sunt
485 1742 628 1810 vatum
656 1743 926 1811 monumenta
955 1737 1091 1829 desta,

200 1846 276 1921 Est
302 1845 419 1919 labor
447 1844 577 1918 dulcis
606 1851 792 1919 veterum
821 1844 1054 1944 sophorum,

202 1952 398 2026 Excitant
425 1957 608 2025 mentem
638 1950 791 2026 similes
820 1950 862 2024 in
892 1976 1013 2026 ausus

307 2059 439 2133 Faota
467 2058 660 2157 priorum.

203 2220 262 2294 At
289 2219 442 2294 malum
472 2244 611 2292 seeum
641 2218 750 2292 istud
780 2219 907 2294 habet
933 2226 1126 2311 vetustas,

204 2327 365 2402 Cuncta
394 2325 504 2424 quod
532 2323 714 2423 frangat:
743 2326 871 2400 veluti
900 2333 1089 2401 senectus

203 2433 367 2509 Deterit
396 2458 555 2531 eorpus,
585 2432 735 2506 minuit
761 2432 959 2532 vigorem,

309 2540 487 2615 Lumina
514 2539 652 2614 laedit.

203 2701 304 2773 Inde
333 2699 543 2774 fastiditur
571 2725 684 2790 anus,
714 2700 887 2774 micanti

204 2808 317 2882 Luce
347 2832 451 2904 quae
482 2808 690 2907 quondam
719 2806 877 2882 iuvenis
906 2807 1107 2906 placebat.

203 2915 296 2989 Heu
324 2913 468 3012 prooul
496 2915 661 2989 funesta
687 2913 775 2988 lues
804 2940 946 2990 sereno

309 3022 461 3120 Migret
489 3024 540 3096 ab
571 3025 688 3097 orbe!

590 3426 689 3489 XIII.

175 3590 377 3666 MULIER
405 3591 631 3667 LIBERAE
659 3591 818 3666 VITAE
847 3591 916 3664 ET
946 3589 1079 3667 ORIS.

204 3749 317 3825 Uxor
344 3748 545 3847 Eumolpo
575 3747 746 3821 nimium
777 3748 940 3821 videtur
1101 3763 1243 3819 nt169‘·

203 3855 377 3930 Liberae
405 3856 533 3930 vitae:
564 3854 713 3929 metuit
740 3857 984 3954 probrosum

204 3961 305 4036 Inde
335 3962 564 4051 discrimen,
594 3962 745 4037 metuit
772 3962 939 4061 pudoris

310 4069 445 4145 Triste
473 4069 685 4169 periclum.

203 4228 371 4327 Ingredi
400 4237 611 4329 comptum
639 4229 831 4304 iuvenem
861 4235 1033 4329 penates

202 4336 330 4410 Fama
359 4336 440 4412 fert
467 4344 632 4435 sumpta
660 4337 798 4435 speeie
827 4337 1000 4436 puellae,

204 4442 298 4542 Ipse
329 4444 425 4517 dum
456 4469 600 4518 causas
630 4444 718 4542 agit
746 4452 788 4519 et
816 4443 1014 4519 clientum

311 4551 407 4624 Iura
433 4557 582 4625 tuetur.
