3164 5154
167 243 232 310 2⁶4
693 232 900 290 snvaauu

219 435 401 526 Quarum
430 432 484 508 sit
510 432 747 507 meminisse
777 432 908 508 dolor:
938 430 1113 508 fortasse
1141 432 1313 534 pigebit

324 539 536 616 Transisse
564 538 719 614 frustra
746 540 850 615 haee
878 545 1099 639 tempora!

216 650 310 725 Non
339 654 509 724 cantum
536 647 666 722 veluti
695 644 815 721 Siren
844 670 921 745 ego
950 645 1073 740 iacto,
1103 647 1291 740 Trebati

323 752 508 830 Alterius
537 762 610 829 aut
636 777 764 854 poseo
793 777 953 847 necem3

216 861 344 953 Nosti,
359 861 456 961 quid
475 885 570 935 mea
589 861 748 959 plectra
765 859 913 936 velint:
935 860 1046 959 quod
1064 859 1191 959 pigra
1208 860 1393 938 iuventus

322 967 505 1043 Amittat
532 967 729 1042 eximium
758 967 893 1041 deeus.

216 1073 330 1150 Anni
360 1074 595 1171 diffugiunt:
623 1098 726 1150 aevo
757 1097 920 1174 quoque
947 1097 1156 1150 marmora
1185 1073 1329 1175 longe,

321 1181 516 1280 Ligustra
543 1205 628 1256 non
656 1182 789 1255 solum
819 1180 984 1256 eadunt.
1403 1217 1424 1255 11

216 1289 347 1364 Dulee
374 1291 529 1363 bonum
556 1287 632 1362 flos
663 1287 827 1362 aetatis:
854 1287 1040 1363 velocius
1067 1311 1183 1381 aura,

325 1394 440 1486 Quae
468 1419 564 1470 vere
593 1394 735 1494 spirat,
765 1394 913 1469 avolat.

114 1534 116 1539 ·
216 1502 325 1578 Lilia
354 1501 542 1601 decerpit
569 1501 704 1576 subito
734 1501 972 1601 importuna
999 1507 1207 1592 senectus,

322 1610 456 1683 Rosas
483 1632 683 1705 genarum
713 1607 893 1707 corripit.

215 1716 399 1791 Mutatur
425 1715 562 1790 vultus
590 1714 806 1813 erinisque:
834 1713 1031 1812 migrabit
1057 1713 1102 1788 in
1130 1738 1282 1790 aurum

321 1822 497 1897 Fulvum
525 1822 607 1912 ille,
638 1821 819 1921 gelidam
847 1820 916 1895 hie
943 1820 987 1894 in
1014 1820 1170 1896 nivern.

217 1929 261 2005 si
288 1929 365 2003 tibi
394 1930 633 2003 thesaurum
663 1927 888 2028 pretiosum
918 1929 1046 2002 donat
1074 1928 1293 2028 Olympua

322 2036 490 2133 ignave,
521 2061 592 2109 eur
619 2060 703 2110 non
731 2035 883 2110 uteris?

215 2142 380 2218 Matura
409 2167 460 2216 en
489 2141 642 2215 dudum
670 2142 855 2242 pendent
882 2166 932 2216 ex
961 2143 1110 2216 arbore
1138 2166 1270 2242 poma

322 2249 376 2323 Et
402 2248 511 2322 flava
536 2249 712 2323 fluctuat
740 2273 877 2346 seges:

215 2355 376 2453 Exponi
405 2354 544 2453 cupies
572 2355 735 2429 venturi
763 2354 962 2455 temporis
990 2354 1088 2446 irae,

322 2462 497 2536 Fruatus
525 2462 764 2563 priusquam
793 2461 992 2560 colligas?

215 2569 318 2644 Post
346 2569 504 2667 aliquot
531 2575 735 2645 maestum
763 2569 922 2644 senium
951 2568 1151 2644 suecedet
1177 2570 1329 2647 aristas

321 2676 374 2748 Et
402 2675 526 2749 durus
555 2675 633 2750 erit
661 2676 794 2750 omnis
822 2677 958 2767 lab0r3

214 2782 335 2856 Nune
365 2782 703 2856 contendendum
730 2782 867 2857 nervis
897 2791 939 2856 et
964 2784 1113 2858 robore
1141 2789 1250 2875 tote,

320 2889 439 2964 Nune
469 2889 719 2964 exserendae
748 2897 844 2964 sunt
870 2914 1037 2963 manus:

214 2994 381 3071 Viribus
410 2995 614 3086 invalidis,
646 2996 791 3071 melior
820 3021 914 3070 eum
943 2994 1110 3071 transiit
1136 2996 1255 3086 hora,

322 3100 563 3177 Soeordiam
591 3102 708 3178 flebis
736 3109 867 3179 tuam.

728 3442 888 3450 -ᾳ-

754 3756 850 3820 XVI.

564 3972 770 4049 MlLlTlA
800 3971 1042 4049 VENALlS.

216 4184 412 4261 Crudeles
440 4184 584 4259 Martis
614 4191 786 4276 turmae,
816 4209 889 4258 vos
918 4183 1076 4283 perfida
1102 4209 1227 4284 posse
1277 4198 1325 4254 fol„
1343 4197 1403 4254 ur·

321 4291 483 4365 laetare
512 4292 632 4382 bella,
664 4316 768 4390 quae
797 4290 946 4391 impius
975 4292 1122 4367 ductor
1150 4292 1244 4385 ciet,

215 4398 269 4472 Et
295 4424 492 4496 maguum
521 4424 684 4497 sperare
714 4398 837 4473 deeus
865 4404 952 4472 tam
980 4397 1168 4497 turpibus
1197 4397 1317 4489 ausis,

317 4505 423 4602 Quis
452 4512 702 4604 provocatur
728 4504 884 4580 fulmen
912 4502 1006 4581 irati
1034 4505 1169 4582 Iovis?
