3164 5154
518 290 591 348 LIB.
609 288 678 347 ΧΠ.
697 292 811 348 13-15.

183 493 239 570 Ut
267 491 366 566 velit
393 489 536 591 primis
565 514 734 591 operam
762 490 914 581 diebus,

180 598 363 675 Moribus
392 597 546 673 sanctis
575 597 785 691 adhibere,
814 599 956 699 culpas

179 705 332 781 Noxias
362 711 477 780 casta
503 728 689 780 resecare
717 712 868 796 mente,

286 814 447 889 Numen
461 810 624 887 'amare

180 955 399 1031 Gressibus
427 959 632 1030 maestum
660 954 820 1031 senium
849 954 988 1032 citatis

180 1061 386 1150 Imminet,
416 1085 497 1160 quo
526 1085 611 1136 non
638 1060 738 1137 licet
765 1085 854 1137 esse
882 1087 1063 1161 gnavum

180 1171 265 1245 Nec
292 1168 406 1262 libet3
434 1166 533 1243 fessi
560 1167 782 1267 prohibent
808 1168 992 1243 laborem

291 1274 483 1374 Corporis
511 1281 634 1363 artus.

615 1608 694 1674 XV.

94 1822 97 1829 ·
195 1771 500 1850 lNGENTIUM
527 1769 880 1850 PRAEDIORUM
909 1770 1120 1852 CUPIDO.

177 1930 324 2006 Ambit
350 1931 542 2030 ingentes
569 1931 797 2008 Meliboeus
825 1956 957 2032 agros,
1125 1950 1174 2006 ror.
1195 1952 1263 2007 rer·

178 2037 289 2128 Quos
319 2045 408 2114 aret
434 2040 566 2113 bobus
595 2038 813 2114 minimum
840 2041 1038 2117 trecentis

177 2146 230 2219 Et
257 2170 404 2245 greges
431 2150 579 2244 pascat
605 2147 811 2245 pecudum
838 2147 1078 2249 propinquis

285 2251 467 2327 Collibus
495 2251 613 2347 Istr0,

177 2393 343 2468 Nutriat
369 2393 502 2494 pisces
529 2393 700 2469 lacubus
729 2401 927 2494 receptos,

179 2499 360 2599 Colligat
386 2498 507 2574 flores
536 2499 683 2600 apibus
712 2500 912 2596 fovendis,

179 2606 358 2682 Arbores
386 2607 559 2706 plantet,
588 2607 799 2683 volucrum
827 2609 974 2683 cohors
1003 2609 1091 2708 quis

284 2715 416 2789 Laeta
442 2720 635 2789 moretur.
760 2752 763 2758 ν

178 2856 328 2931 inclito
357 2881 431 2955 par
459 2880 549 2930 esse
577 2855 693 2955 cupit
721 2857 931 2955 dynastae,

178 2962 364 3038 Praediis
391 2961 502 3054 felix,
532 2961 679 3063 opibus
707 2965 865 3055 beatus,

177 3070 299 3145 Prole
327 3069 537 3162 fecundus,
565 3092 781 3169 procerum
809 3069 972 3160 sodalis,

284 3176 409 3277 Regis
438 3176 605 3251 amicus.

178 3321 289 3396 Rura
317 3318 389 3394 sed
417 3318 513 3393 dum
540 3340 693 3416 magna
719 3315 842 3393 nimis
869 3319 1040 3418 requirit

177 3426 351 3501 Finibus
379 3450 457 3500 nec
487 3449 530 3501 se
559 3424 729 3502 cohibet
756 3425 952 3524 paternis,

178 3533 287 3607 Mole
317 3556 441 3631 quam
470 3531 572 3608 dura
599 3531 750 3631 premit
778 3537 1041 3632 arrogantem

285 3638 369 3713 Aes
398 3637 595 3714 alienum!
1252 3695 1276 3734 „

179 3781 290 3869 Quos
319 3778 421 3855 emit
448 3803 615 3879 campos
645 3787 688 3855 et
715 3803 889 3854 amoena
917 3780 1083 3881 Tempe,

178 3887 300 3963 Ocius
331 3884 482 3961 vendet
509 3886 641 3987 pretio
670 3884 846 3963 minore:

177 3994 311 4069 Triste
340 3999 562 4093 paupertas
590 4017 723 4068 vacua
751 4018 946 4070 crumena

282 4100 451 4175 Pondus
480 4105 523 4174 et
550 4101 704 4174 horror.

177 4243 316 4316 Rebus
344 4241 532 4341 angustis
561 4241 724 4316 modico
753 4250 900 4341 paratu

177 4348 282 4424 Vive
313 4354 553 4424 contentus:
583 4355 728 4424 tenues
755 4357 926 4450 penates

179 4452 272 4529 Sint
299 4455 376 4530 tibi
404 4455 521 4531 sedes
550 4454 650 4530 satis
679 4456 829 4556 ampla,
858 4483 1043 4557 regnum,

285 4560 420 4654 Curia,
449 4563 660 4663 templum.
