3164 5154
568 258 812 313 „xm-

72 440 262 507 Sehreiben
294 436 405 502 heisst
437 459 473 501 es
505 443 606 501 unter
626 437 818 502 Auderem:
858 438 1044 503 »Paucis
1073 439 1304 524 versibus,

73 551 183 616 quos
207 525 697 609 subiunxi,adfectum
721 527 976 613 exprimere
1000 529 1142 594 volui.
1167 530 1305 594 Exousa

70 619 157 685 rude
183 638 331 700 carmen,
362 616 442 700 quia
473 614 598 680 melius
627 616 775 680 scribere
807 638 878 682 non
906 616 1004 681 licuit
1033 616 1077 682 ob
1109 619 1223 683 nuntii
1253 617 1303 684 fa·

71 708 201 773 stivum
224 706 390 772 abitum«.

179 812 227 877 Es
249 812 296 876 ist
317 810 417 875 nicht
446 831 490 874 zu
523 810 692 893 zweifeln,
733 811 813 875 dass
836 812 1114 877 Rettenbaohers
1141 814 1305 900 Neigung

70 925 149 968 zum
181 900 385 987 poetischen
408 898 569 964 Schaffen
600 900 637 963 in
659 899 840 965 Italion
873 903 945 967 und
973 902 1081 967 Rom
1108 903 1301 989 Auregung

71 994 143 1058 und
167 991 372 1076 Fo’rderung
395 988 573 1073 gefunden
594 987 664 1056 hat.
713 990 796 1053 Dies
819 990 905 1054 liisst
927 990 1000 1055 sich
1022 991 1087 1056 mit
1110 991 1304 1057 Sicherheit

73 1104 137 1147 aus
171 1081 256 1145 zwei
279 1078 421 1142 Briefen
454 1077 650 1158 schliessen,
683 1078 815 1143 welche
837 1079 1097 1145 Rettenbaoher
1125 1080 1174 1145 im
1196 1081 1304 1146 Jehre

75 1179 160 1237 1659
185 1191 246 1236 aus
268 1168 389 1234 Padua
413 1189 458 1231 an
480 1167 600 1231 seinen
624 1168 765 1232 Freund
797 1169 964 1234 Nicolo
988 1169 1224 1235 Avaneini
1255 1172 1303 1236 in

70 1261 180 1327 Rom
202 1258 429 1344 geschrieben
453 1254 523 1320 hat.
547 1254 622 1320 Aur
641 1257 698 1320 die
714 1257 826 1341 Frage
846 1258 1047 1323 Avancini’s
1071 1259 1232 1343 ndrnlioh,
1257 1261 1301 1325 ob

71 1348 334 1415 Rettenbaoher
356 1344 551 1431 gleichfalls
575 1344 706 1430 fleissig
729 1346 855 1428 dichte,
881 1355 1086 1412 antwortete
1111 1349 1224 1414 dieser
1248 1373 1302 1414 am

74 1449 102 1503 1.
126 1438 211 1504 Juni
236 1443 342 1502 1659:
369 1435 551 1500 »Carmina
572 1456 649 1500 raro
671 1456 799 1520 pango,
824 1436 904 1520 quia
927 1437 1018 1501 inter
1040 1436 1158 1521 logum
1182 1439 1300 1522 aenig-

71 1534 166 1592 mata
189 1527 293 1591 silent
315 1525 444 1605 Musae,
468 1544 513 1587 ne
528 1524 674 1588 barbare
688 1525 874 1609 loquantur
890 1548 968 1590 oum
984 1527 1165 1591 doctorum
1181 1528 1300 1611 vulgo.

71 1617 147 1682 Seis
178 1617 295 1680 Musas
317 1634 387 1678 non
410 1619 567 1698 prostare
590 1613 713 1698 pretio,
738 1620 817 1677 sunt
841 1615 932 1679 enim
956 1615 1119 1700 virginee.
1158 1615 1194 1679 Si
1218 1618 1300 1700 quid

71 1717 187 1770 tamen
212 1705 287 1787 erit,
308 1703 400 1788 quod
423 1701 554 1766 factum
577 1702 673 1783 velis,
698 1703 846 1768 fidenter
870 1712 904 1768 et
921 1725 984 1789 pro
1001 1714 1120 1771 nostra
1136 1705 1299 1785 amicitia,

72 1816 175 1880 quam
207 1793 245 1858 in
276 1814 399 1857 aevum
432 1791 640 1873 duraturam,
665 1798 703 1854 ut
725 1815 836 1878 spero,
870 1794 1113 1877 contraximus
1146 1796 1296 1880 impera:

71 1905 248 1948 secernam
292 1903 348 1946 me
393 1901 578 1967 parumper
624 1902 644 1944 a
681 1882 783 1946 turba
814 1891 850 1946 et
886 1883 1098 1967 pimplaeum
1137 1885 1299 1948 scandam

70 1981 224 2038 montem
255 1993 320 2035 nec
353 1970 469 2050 timeo,
502 1992 546 2034 ne
577 1992 633 2033 me
665 1969 807 2035 Sorores
838 1970 985 2036 furcillis
1017 1973 1165 2037 eiectum
1195 1982 1302 2057 agant

70 2062 306 2148 praecipitem,
341 2061 422 2145 quia
453 2060 606 2124 nondum
631 2081 672 2122 ex
694 2059 830 2125 illarum
855 2061 976 2125 castris
1000 2061 1174 2148 transfugi
1197 2072 1232 2126 et
1256 2063 1298 2126 ad

71 2151 157 2216 iuris
189 2151 339 2216 studium
371 2149 522 2213 animum
551 2147 711 2233 adplicui,
736 2157 774 2214 ut
797 2149 968 2214 amicitiae
992 2151 1066 2216 iura
1089 2171 1159 2217 non
1183 2152 1300 2235 negle-

72 2262 189 2327 gam«.
235 2240 316 2307 Und
349 2260 403 2302 am
438 2240 467 2303 1.
503 2239 642 2321 August
676 2245 760 2304 1659
795 2238 930 2303 schrieb
963 2263 1000 2304 er
1024 2262 1068 2305 an
1092 2240 1297 2306 denselben:

75 2330 221 2394 »Versus
268 2336 348 2393 tuos
392 2327 429 2390 in
475 2326 587 2390 aulam
638 2346 710 2390 non
756 2327 959 2412 displicent,
1008 2329 1126 2394 malim
1184 2338 1300 2393 tamen

72 2419 241 2504 quaedam
272 2417 414 2480 meliore
447 2416 567 2481 ordine
595 2415 690 2478 dicta
721 2423 781 2479 aut
812 2438 882 2481 non
917 2418 1018 2482 dicta.
1065 2418 1225 2483 Delicata
1246 2441 1301 2482 res

73 2509 189 2594 poesis
214 2512 266 2570 est
289 2514 325 2571 et
346 2504 469 2589 procul
493 2504 642 2590 evulgo
666 2504 832 2568 seiuncta.
878 2506 1048 2572 Volebam
1071 2518 1228 2573 mutuum
1249 2506 1300 2572 fa·

72 2619 151 2663 cere
176 2602 211 2661 et
232 2596 360 2660 latinos
393 2615 511 2658 versus
544 2616 585 2658 ea
617 2595 660 2657 de
683 2615 719 2656 re
743 2594 888 2662 mittere.
934 2595 1003 2661 Sed
1031 2604 1167 2683 tempus
1191 2595 1302 2661 defuit

71 2703 108 2751 et
141 2706 219 2752 raro
251 2684 319 2749 nisi
350 2704 413 2771 per
443 2683 627 2747 intervalla
658 2684 773 2747 Musas
796 2684 940 2749 saluto«.
985 2685 1087 2749 Auoh
1119 2686 1204 2750 11001
1227 2686 1301 2750 sioh

71 2780 326 2852 vorauseetzen,
360 2772 438 2837 dass
471 2771 634 2837 elassisoh
668 2771 844 2856 gebildete
866 2772 1028 2857 Manner,
1060 2780 1124 2842 wie
1146 2774 1300 2839 Marco

71 2863 279 2930 Antonio
314 2862 589 2945 coracini,¹)
640 2860 728 2926 Leo
762 2862 992 2945 Allatius,
1034 2863 1300 2928 Francesco

73 2952 297 3021 Grisendi
321 2951 422 3016 einen
445 2951 695 3034 nachhaltigen
715 2950 865 3015 Einfluss
890 2951 953 3015 auf
972 2951 1029 3016 die
1051 2953 1200 3038 geistige
1215 2953 1301 3016 Eut·

70 3043 248 3126 wicklung
269 3039 545 3105 Rettenbachers
570 3039 804 3104 hinterlassen
827 3040 952 3106 haben.

179 3129 324 3199 Obwohl
346 3129 605 3195 Rettonbacher
636 3129 819 3193 lateinisoh
851 3129 1090 3214 gesohrieben,
1125 3129 1234 3195 bleibt
1266 3152 1302 3193 er

71 3220 163 3287 doeh
185 3222 307 3286 immor
321 3221 378 3283 ein
395 3218 565 3284 wahrhaft
579 3217 764 3282 deutscher
778 3218 932 3299 Dichter,
957 3219 1018 3283 der
1032 3218 1123 3284 nach
1140 3218 1301 3285 Goethe’s

71 3310 256 3376 Ausdruolr
279 3309 430 3387 beweist,
459 3309 556 3373 »dass
581 3309 640 3371 der
661 3308 838 3372 Deutsche
861 3308 935 3373 sich
959 3315 1034 3372 treu
1058 3307 1177 3389 bleibt,
1202 3331 1302 3374 wenn

74 3421 111 3464 01
134 3399 224 3464 auch
246 3399 310 3462 mit
331 3396 487 3462 fremden
512 3399 656 3481 Zungen
679 3396 841 3481 sprioht.«
856 3399 881 3479 2)
917 3396 1178 3462 Rettenbacher
1209 3398 1302 3482 zeigt
1336 3435 1340 3455 ι

26 3546 35 3559 .
71 3511 137 3555 uns
162 3487 326 3569 deutlich,
351 3489 429 3552 dass
455 3487 509 3551 die
525 3486 726 3571 Ereignisse
751 3487 812 3551 der
824 3486 979 3551 ’111111011-
1002 3488 1072 3551 und
1088 3487 1301 3552 Franzosen·
1329 3522 1332 3531 ‹

71 3579 193 3663 kriege
226 3578 286 3641 des
320 3585 370 3640 17.
393 3576 649 3641 Jahrhunderts
673 3576 734 3640 das
766 3575 993 3662 patriotische
1017 3576 1325 3641 Selbstbewusst-¹

180 3752 358 3824 ι)1111(10111
375 3752 529 3823 gelehrten
547 3751 648 3806 Marco
668 3751 798 3806 Antonio
818 3751 954 3806 coracini
973 3750 1062 3805 stand
1079 3750 1302 3806 Rettenbacher

69 3825 101 3880 in
118 3823 423 3880 freundsehaftlichen
443 3823 676 3880 Verhaltnissen.
715 3823 785 3877 Dies
814 3823 937 3878 ersehen
967 3822 1021 3876 wir
1048 3840 1103 3876 aus
1131 3822 1301 3892 t'olgandem

69 3896 169 3952 Briefe
189 3894 268 3962 (ddo.
287 3894 399 3962 Padua,
419 3896 461 3951 11.
479 3894 542 3949 Juli
562 3896 658 3966 1659):
679 3893 867 3948 ›Statueram
886 3893 1004 3964 quidem
1023 3893 1144 3964 saepius
1163 3893 1301 3959 scribere,

72 3967 160 4023 omisi
179 3972 289 4034 tamen,
317 3985 377 4020 non
395 3965 593 4036 neglegentia,
622 3964 675 4019 sed
704 3983 741 4019 ne
772 3965 921 4019 intentum
940 3964 1112 4036 plerumque
1132 3965 1264 4018 animum
1285 3982 1303 4016 a

71 4037 179 4094 studiis
198 4037 398 4093 severioribus
423 4054 588 4092 evocarem.
627 4036 693 4091 Scio
714 4035 801 4104 enim,
828 4037 873 4090 fre
896 4042 1017 4090 1101110111
1044 4043 1074 4089 01
1102 4034 1252 4089 assiduam
1270 4034 1300 4088 in

69 4109 153 4165 libris
172 4126 241 4164 esso
261 4109 352 4164 Suam
370 4109 625 4164 Dominationem:
660 4107 738 4178 quod
758 4114 789 4162 01
808 4055 1021 4176 egolisenam,
1049 4106 1107 4160 nisi
1126 4106 1302 4161 immodicus

71 4181 152 4236 00101
166 4197 305 4236 somnum
320 4188 351 4235 et
374 4179 468 4235 otium
481 4181 630 4235 suaderet.
643 4178 802 4232 Patavium
815 4197 874 4232 non
887 4179 1014 4232 multum
1028 4178 1127 4248 placet
1140 4186 1171 4232 et
1182 4179 1301 4232 mallem

70 4252 184 4308 Romae
202 4269 269 4306 esse
289 4250 518 4322 dulcissimaque
537 4256 595 4305 Sua
623 4250 850 4304 conversatione
870 4249 937 4317 frui,
967 4267 1064 4320 quam,
1092 4249 1164 4303 licet
1183 4266 1301 4319 semper

70 4325 171 4394 magni
185 4322 316 4390 fecerim,
325 4341 405 4376 nune
421 4329 524 4377 tamen
537 4321 631 4393 pluris
644 4320 777 4390 aestimo,
788 4326 946 4402 postquam
960 4336 1060 4373 carere
1075 4337 1173 4389 cogor.
1192 4319 1302 4372 Nostra

69 4395 210 4451 nimirum
229 4400 294 4448 turn
313 4394 431 4449 demum
450 4393 649 4464 intellegimus
669 4393 754 4460 bona,
775 4409 842 4446 cum
858 4391 964 4446 iisdem
984 4392 1161 4462 privamur«.

70 4555 164 4611 Brffl
179 4485 213 4609 ’ts
220 4482 318 4612 1804181.
333 4482 512 4539 Geschichte
532 4480 584 4536 der
612 4480 693 4536 hath.
716 4480 882 4535 Litteratur
895 4479 1115 4536 Doutsohlands
1134 4495 1194 4533 von
1208 4477 1301 4531 Moris

165 4597 173 4625 ,
214 4596 221 4610 .
