3164 5154
530 263 608 320 ΠΒ.
625 264 682 324 III.
701 267 780 323 1-2.

175 465 332 541 Parcus
359 463 544 540 Deorum
573 463 708 540 cultor
735 468 779 539 et
805 461 1042 564 infrequens

176 570 349 648 Assistit
376 570 473 647 aris:
503 570 592 646 sola
616 570 820 669 pecuniae

229 678 304 755 Vis
332 676 512 777 imperat
538 701 736 777 persaepe
762 676 910 777 mystis

284 782 424 885 Atque
451 783 572 859 iubar
597 782 806 859 rutilantis
834 780 954 858 aeris.

177 935 285 1011 Nam
313 959 385 1009 our
412 932 605 1011 sacerdos
632 957 806 1009 munera
831 933 1027 1033 postulat,

179 1040 279 1132 Quis
295 1047 416 1140 aptus
435 1039 549 1116 haud
577 1045 650 1131 est,
681 1040 771 1138 quis
789 1040 920 1117 umeri
939 1040 1141 1141 impares?

231 1147 435 1245 Negleeta
461 1152 649 1222 maerent
676 1146 834 1247 templa
862 1147 1002 1222 divum

284 1253 322 1327 N
325 1277 373 1329 ec
401 1258 548 1328 tenues
575 1259 819 1353 reparantur
845 1253 980 1328 aedes.

179 1403 349 1478 Nullum
376 1403 569 1478 levamen
596 1402 844 1504 pauperibus
874 1404 1007 1496 datur,

178 1510 290 1585 Dum
317 1509 443 1609 plena
470 1515 640 1607 turgent
665 1509 816 1610 pocula
845 1508 1052 1600 Caecuba,

232 1617 344 1690 Dum
372 1615 537 1691 ferculis
566 1640 733 1692 mensae
760 1617 996 1693 redundant

286 1723 340 1797 Et
368 1722 540 1823 dapibus
568 1722 713 1823 procul
740 1722 943 1824 expetitis.

181 1871 290 1964 Quid
316 1872 434 1948 miles
463 1875 583 1949 acer?
612 1897 694 1973 quo
721 1871 822 1948 furit
848 1872 1031 1973 impetu?

180 1980 274 2054 Non
300 1978 413 2055 iussa
439 2004 584 2079 regum
612 2004 805 2081 spernere
834 1983 1080 2057 contumax?

233 2083 443 2185 Numquid
468 2086 572 2162 fides
601 2086 758 2162 venalis
786 2089 911 2162 auro?

286 2192 487 2285 Dedecus,
513 2193 612 2268 heu!
642 2192 815 2268 nimium
842 2195 1095 2294 probrosum.

181 2341 418 2418 Traduntur
445 2368 569 2434 arces,
596 2342 762 2420 moenia
788 2342 966 2419 turribus

180 2448 373 2524 Fundata
399 2449 527 2525 firmis
555 2449 744 2525 hostibus
773 2450 923 2550 impiis.

235 2554 417 2630 Thraces
446 2556 657 2632 minantur
682 2581 820 2631 rursus
849 2581 977 2650 arma,

289 2660 433 2738 Saevit
460 2662 632 2738 acinace
660 2662 773 2738 victa
799 2664 948 2738 turba?

183 2810 399 2904 Germane,
426 2811 557 2912 turpis
584 2818 627 2888 te
655 2810 755 2912 fuga
781 2815 956 2889 barbaro

183 2917 364 2993 infamet
390 2921 524 2993 ausu?
561 2917 685 2994 fortia
714 2919 877 2995 deseras

233 3024 327 3099 Non
356 3023 473 3100 clade
501 3024 761 3101 munimenta
786 3026 939 3126 pulsus,

288 3130 381 3205 Non
410 3131 564 3207 celeres
593 3137 784 3207 metuens
812 3132 1010 3231 sagittas?

182 3278 328 3355 Lentis
355 3278 550 3357 iuventae
576 3280 653 3356 flos
681 3281 788 3382 perit
815 3280 996 3381 ignibus:

182 3384 328 3462 Dictat
356 3385 517 3487 Cupido
546 3387 706 3463 lubrica
734 3388 920 3465 carmina

235 3493 290 3568 Et
317 3495 446 3568 verba
470 3499 732 3593 praetextata
760 3499 933 3571 cantant

290 3598 410 3674 Nunc
438 3599 555 3699 pueri
582 3607 832 3699 teneraeque
859 3623 1005 3701 pupae.

185 3854 380 3930 Torretur
407 3862 536 3948 aestu,
565 3856 649 3932 iam
677 3856 884 3933 thalamos
912 3856 1030 3956 petit,

240 3959 344 4036 Cum
371 3962 533 4038 neseiat
558 3961 667 4038 tauri
694 3963 852 4038 ruentis

290 4066 341 4141 In
367 4066 571 4145 Venerem
599 4070 776 4145 tolerare
805 4069 978 4170 pondus.
1267 4110 1294 4150 a

184 4215 294 4292 Hinc
322 4214 455 4294 forma
481 4218 654 4318 languet
681 4218 862 4319 corporis
891 4243 940 4295 ao
966 4219 1096 4318 vigor,

184 4323 295 4398 Hinc
323 4347 450 4423 aegra
475 4325 612 4425 proles
639 4325 783 4402 matn'e
812 4329 864 4401 ab
892 4328 1037 4401 ubere:

239 4428 396 4506 Radice
425 4430 483 4507 sic
510 4430 595 4507 ima
622 4455 827 4507 venenum

292 4535 434 4612 Ebibit
461 4561 512 4613 ac
538 4537 710 4614 vitiatur
738 4540 870 4614 arbor.
