3164 5154
701 256 905 313 SILVARUM

329 462 371 537 Si
402 461 502 535 mari
531 461 686 534 Nereus
714 457 876 558 placido
907 456 1096 556 quiescit,

327 569 419 642 Non
449 567 519 641 diu
547 565 770 665 tranquilla
798 564 954 639 iacebit
978 564 1112 653 unda3

327 676 412 749 Neo
440 674 562 751 timet
590 698 750 772 semper
777 673 955 747 Boream
983 671 1050 746 vel
1078 670 1279 746 Austrum

432 781 573 856 Litore
600 779 770 879 puppis;

327 931 482 1006 Aeolus
511 931 659 1005 fluetus
689 930 808 1020 oieat,
838 929 1031 1004 frementi

324 1038 489 1113 Excitet
517 1038 625 1112 diras
653 1037 804 1136 pelago
834 1036 1056 1135 prooellas:

325 1145 431 1220 Vela
459 1145 531 1220 dat
558 1143 705 1232 ventis,
735 1143 955 1242 peregrina
983 1147 1121 1218 tentat

434 1252 577 1325 Visere
605 1275 711 1325 rura.

328 1401 545 1477 (terminat
572 1401 722 1500 glaeba
750 1399 870 1473 viridi
899 1399 1036 1474 oiouta

327 1509 379 1583 Et
405 1533 519 1582 rosas
548 1507 726 1605 irroingit
754 1516 879 1582 acuta
908 1507 1036 1607 spina,

328 1615 460 1712 Erigit
487 1615 623 1689 lauros
653 1620 781 1712 eaput
808 1613 917 1688 inter
944 1621 1035 1690 atra

432 1721 599 1795 Fronde
629 1745 857 1821 cypressus,

326 1872 512 1972 Iuppiter
541 1871 727 1971 quamvis
756 1871 810 1946 sit
837 1894 977 1945 amore
1005 1877 1237 1968 praestans,

327 1979 457 2055 Mittit
484 1979 615 2053 iratus
643 1978 854 2053 iaculante
882 1975 1038 2051 fulmen

326 2087 519 2175 Dextera,
550 2110 631 2184 qua
659 2109 783 2184 saepe
813 2084 919 2159 solet
945 2085 1090 2158 beatas

433 2192 623 2267 Reddere
652 2198 810 2290 gentes.

284 2404 288 2413 .
327 2341 433 2416 Alea
461 2341 605 2417 Martis
634 2343 749 2416 varia
776 2341 1012 2441 frequenter

328 2450 516 2548 Occupat
543 2447 697 2523 famam
725 2473 929 2549 generosa
955 2447 1097 2535 virtus,

327 2556 488 2631 Foedus
517 2555 724 2631 interdum
753 2554 999 2656 trepidantis
1027 2561 1168 2629 aestus

433 2663 623 2738 Pectoris
652 2667 777 2737 aroet.

327 2813 428 2888 Arte
457 2813 650 2889 vincendi
679 2813 804 2888 dubia
833 2813 942 2912 quod
971 2812 1094 2888 armis

326 2919 470 2995 Victor
497 2919 686 3018 acquirit,
715 2920 824 2995 redit
852 2921 905 2995 ad
932 2920 1112 3020 priorem

325 3025 487 3101 Proelio
517 3026 696 3102 fractum
727 3027 941 3101 dominum
969 3027 1138 3102 iuvante

432 3132 611 3207 Numine
640 3133 791 3208 divum.

327 3284 455 3359 sortis
485 3283 581 3359 hino
612 3291 676 3359 est
702 3285 815 3360 lusus
844 3286 969 3361 homo
999 3310 1049 3361 ao
1078 3287 1289 3388 voluptas:

324 3392 458 3465 Mater
486 3392 582 3465 huie
610 3399 771 3483 natura,
801 3417 980 3468 noverea
1009 3401 1054 3469 at
1081 3393 1162 3487 illi;

326 3497 472 3596 (dignit
500 3498 648 3573 heroas
678 3499 800 3573 simul
829 3507 872 3575 et
898 3500 1106 3574 timendos

429 3604 529 3680 Edit
557 3608 736 3680 abortus,

325 3748 456 3822 Omne
486 3747 718 3840 oonlirsum3
748 3773 862 3823 mare
892 3749 1002 3848 quod
1030 3754 1149 3825 tenet
1178 3752 1246 3827 vel

324 3854 464 3944 Terra,
496 3863 634 3930 versat
660 3854 764 3930 mira
792 3854 1044 3943 vicissitudo

324 3961 503 4034 Lubrica
530 3962 717 4036 Fortuna
744 3969 837 4038 rota
864 3962 981 4061 vagis
1010 3961 1069 4036 sio

431 4067 648 4143 Gressibus
679 4078 800 4158 errat,

327 4207 523 4282 Pertinax
552 4209 704 4282 bellum
734 4209 894 4285 sociare
923 4210 1016 4309 pani

322 4315 375 4387 Et
402 4314 493 4388 neci
523 4315 663 4404 vitam,
695 4317 876 4392 tenebris
904 4317 1096 4406 nitorem,

323 4420 529 4495 Gaudium
559 4447 730 4521 poenae,
760 4424 976 4499 illecebras
1005 4424 1151 4516 dolori,

428 4528 580 4603 Nubila
608 4530 702 4605 luoi.
