3164 5154
685 209 888 267 SILVABUM

360 414 578 490 Moenibus
607 436 699 487 oum
727 411 841 486 nulla
867 410 969 486 fides
999 415 1042 485 et
1069 409 1179 508 agris

360 521 500 596 Firma
527 518 591 610 sit,
621 524 782 594 tentare
809 518 951 617 polum
981 517 1160 593 decebit:

362 627 562 703 Omnibus
589 625 687 701 novi
716 624 892 725 Superos
920 624 1078 700 amicos

467 733 651 810 Foedere
679 736 835 808 sancto.

362 895 456 969 Non
484 893 563 968 erit
589 893 763 994 posthac
792 891 906 967 calor
933 893 1033 966 orbe
1061 889 1195 965 nobis:

364 1001 565 1077 Conditor
593 1000 697 1076 caeli
725 1023 819 1074 moa
845 999 1015 1074 flamma
1044 998 1166 1090 solus,

363 1107 443 1198 Qui
471 1109 591 1209 regit,
620 1107 761 1197 nutrit,
790 1104 903 1182 fovet
931 1129 980 1181 ao
1008 1111 1149 1182 tuetur

468 1216 582 1315 Lege
609 1213 791 1315 perenni.

738 1566 840 1630 XIX.

437 1709 703 1789 VIRTUTES
731 1708 1133 1789 THEOLOGICAE.

363 1853 555 1930 Sanctius
582 1853 640 1928 nil
669 1854 790 1928 crede
817 1854 909 1946 fide,
937 1852 1042 1928 nihil
1069 1878 1141 1952 spe
1260 1865 1306 1920 fol.
1323 1864 1376 1921 183¹·

362 1961 547 2054 Dulcius,
575 1961 727 2036 mentis
755 1960 859 2035 nihil
888 1960 1115 2037 aestuantis

364 2067 539 2144 Suavius
566 2067 749 2143 flamma:
778 2068 895 2144 vehit
922 2069 1026 2143 haec
1054 2069 1221 2142 beatam

469 2175 595 2273 Triga
623 2175 808 2251 salutem.

365 2318 525 2394 Caritas
553 2319 693 2395 sedem
721 2325 864 2393 tamen
891 2319 1144 2394 eminentem

363 2425 580 2502 Vindicat:
611 2425 764 2500 cedunt
791 2424 982 2524 geminae
1011 2449 1180 2516 sorores,

363 2533 514 2607 Perfici
543 2558 636 2608 cum
666 2539 817 2608 cuncta
845 2532 982 2608 sciant
1008 2557 1082 2634 per
1108 2532 1242 2632 ipsam

470 2639 647 2715 Numine
675 2641 852 2738 plenam.

363 2782 537 2857 Exsulat
564 2780 670 2856 livor
697 2782 840 2881 procul
868 2781 965 2856 hino
992 2806 1071 2856 nec
1100 2781 1185 2855 acri

364 2886 552 2964 Perfodit
578 2894 721 2986 pectus
750 2888 916 2965 stimulo
945 2888 1107 2988 cupido,

364 2996 459 3069 Non
486 2995 624 3070 locum
651 2995 836 3071 vindicta
861 2995 968 3094 petit
995 3020 1073 3070 nec
1100 2995 1247 3070 horror

470 3099 670 3177 Aemulus
699 3103 840 3178 ambit.

364 3244 487 3319 Ferre
516 3269 589 3343 pro
620 3243 783 3320 Christo
812 3245 934 3320 docet
961 3245 1065 3320 haec
1092 3245 1266 3335 labores,

364 3350 464 3426 Vita
492 3350 588 3424 dum
617 3351 748 3440 durat,
777 3351 951 3450 petisne,
981 3351 1178 3450 benigna:

367 3456 563 3533 Cladibus
590 3482 675 3532 non
703 3457 893 3534 atteritur
920 3484 998 3535 nec
1025 3459 1110 3533 ulla

472 3564 693 3663 Frangitur
720 3564 792 3639 ira.

367 3705 481 3806 Spes,
511 3705 613 3779 fides
642 3707 760 3780 terris
788 3713 1015 3796 remanent,
1046 3705 1119 3781 sed
1147 3713 1260 3782 astra

366 3813 482 3887 Haec
511 3813 631 3887 simul
658 3820 754 3912 post
780 3813 867 3888 fata
895 3813 1016 3904 subit,
1048 3812 1204 3887 calenti

367 3917 539 4018 Semper
568 3920 797 3995 accendens
826 3919 985 3996 animos
1014 3921 1195 4019 supremi

472 4027 575 4124 Igne
603 4028 798 4126 parentis

368 4169 545 4270 Spiritus
573 4175 736 4245 nostros
764 4195 862 4267 rege
889 4169 1044 4244 blanda
1070 4169 1213 4261 virtus,

368 4276 570 4351 Turbidas
600 4277 817 4375 exstingue
847 4276 930 4351 odii
959 4275 1133 4365 favillas

367 4381 562 4459 Aetheris
591 4383 723 4458 donec
752 4409 943 4483 superare
972 4384 1098 4457 colles

476 4490 639 4565 Excitet
667 4490 798 4567 ardor.

1381 4072 1402 4112 20
