3164 5154
551 233 625 302 LIB.
644 243 714 300 XII.
732 245 813 301 2-4.

271 445 480 545 Quidquid
508 450 679 545 aspectu
706 440 875 543 placuit,
905 447 1079 541 penates

271 553 339 628 Ad
367 578 462 628 suos
491 551 616 626 vertit
642 549 809 650 piceata
837 548 999 625 dextra:

272 659 401 750 Aeris,
430 658 592 757 argenti
623 657 810 732 cumulus
838 657 1038 755 superbus

379 766 497 842 Sicut
525 774 567 841 et
594 765 694 839 auri.

271 929 352 1004 Ast
379 927 449 1002 ubi
477 926 654 1002 sermm?
683 924 835 1000 Tenuit
864 922 1051 999 satelles:

272 1036 320 1110 In
351 1039 479 1134 caput
505 1033 675 1110 tandem
704 1031 844 1106 miseri
871 1028 1051 1105 retorsit.

272 1143 465 1217 Liberam
494 1139 553 1215 sic
583 1139 759 1214 asseruit
785 1138 959 1238 profano

377 1247 568 1324 Pondere
597 1255 761 1322 terram.

274 1408 383 1500 Quid
411 1409 547 1483 scelus
576 1408 680 1483 iuvit
708 1407 928 1483 tremulam
958 1406 1198 1481 senectam?

273 1517 410 1615 Rapta
438 1515 537 1615 quid
565 1515 649 1590 cari
678 1514 873 1590 thalamis
902 1511 1041 1587 mariti

273 1624 411 1700 Uxor?
440 1623 498 1700 Ut
524 1646 679 1723 poenas
709 1620 948 1697 Acheronte
977 1619 1087 1693 diras

380 1727 526 1804 Solvat
553 1729 733 1804 adulter!

273 1889 452 1965 Carmen
480 1889 560 1963 hoc
590 1894 709 1964 ornet
736 1888 940 1964 tumulum
969 1883 1150 1983 tyranni:

274 1995 468 2071 Criminis
496 1994 608 2070 foedi
635 1995 747 2070 iacet
775 1993 842 2069 hic
871 1992 1064 2085 cadaver3

275 2102 469 2202 Quisquis
499 2127 541 2177 es
570 2101 683 2201 puris
711 2101 913 2190 manibus,
943 2099 1088 2200 procul
1116 2122 1174 2172 re·

383 2209 495 2283 Cede
524 2209 669 2284 viator.

392 3023 683 3103 ENCOllllUM
712 3024 753 3101 S.
783 3023 1010 3102 IOSEPHl.

274 3240 408 3327 Quem
436 3238 568 3313 virum
597 3237 744 3313 suades
775 3238 994 3328 celebrare,
1026 3236 1129 3330 Clio,
1197 3251 1246 3305 fol.
1256 3252 1330 3306 188*-

274 3345 399 3420 Cuius
427 3346 471 3420 in
499 3345 642 3420 laudes
671 3344 860 3420 animare
888 3345 1105 3444 plectrum,

272 3453 469 3527 Desidem
497 3452 661 3551 pulsare
689 3451 849 3549 lyram?
880 3452 970 3550 quis
1000 3453 1084 3528 alto

379 3558 507 3635 Venit
536 3559 747 3659 Olympo?

271 3719 471 3793 Novimus
498 3743 653 3793 numen
680 3717 850 3793 latuisse
878 3720 1008 3793 nostri

272 3826 465 3925 Corporis
493 3831 652 3901 tectum
679 3825 833 3900 nebula
861 3825 927 3899 vel
955 3828 1113 3919 umbra,

271 3935 412 4007 Paene
440 3957 515 4032 per
543 3940 702 4032 septem
733 3931 910 4007 coluisse
939 3940 1073 4009 terras

377 4041 527 4115 Lustra
554 4038 740 4114 rebelles.

272 4198 371 4286 Quis
402 4199 468 4273 dei
496 4204 635 4273 custos
664 4201 826 4275 stabulo
856 4201 1066 4279 iacentis?

271 4304 371 4393 Quis
400 4306 524 4404 fugae
552 4311 698 4398 rector,
728 4308 914 4407 trepidus
943 4318 1144 4410 tyrannus

271 4411 409 4486 Caede
440 4412 536 4488 dum
567 4414 711 4504 saevit,
743 4415 858 4516 cupit
885 4417 1151 4494 innocentem

377 4519 558 4594 Tradere
586 4521 697 4597 leto?
