3164 5154
707 233 912 290 SILVARUM

335 436 487 510 Pectus
515 437 560 508 at
586 433 729 533 paucis
758 433 883 533 aperi,
913 434 1033 510 silere

335 542 473 617 Turba
500 546 543 616 te
572 547 698 639 cogat
728 539 868 639 potius
894 539 1080 640 profana,

336 648 451 739 Quae
478 646 582 722 nihil
608 644 735 722 ferme
762 647 939 724 retinere
966 648 1095 742 novit,

444 754 608 830 Cuncta
633 749 798 830 ievelat

336 917 469 990 Rarus
499 919 562 989 est
590 915 785 1004 Theseus,
814 913 1006 1012 Pylades,
1037 912 1204 990 Orestes

338 1021 512 1098 Saeculo
540 1027 701 1096 nostro:
732 1019 828 1095 fidei
856 1020 1014 1097 tenacis

336 1130 411 1204 Est
437 1126 630 1226 frequens
658 1152 824 1220 nomen,
853 1128 925 1203 sed
952 1127 1091 1227 imago
1120 1127 1244 1228 pieta„

444 1234 601 1334 Corpus
629 1234 763 1309 inane.

338 1394 538 1470 Attamen
566 1393 750 1468 solamen
778 1392 856 1469 erit
882 1393 1034 1469 sodalis

337 1502 464 1576 Fidus
493 1507 535 1576 et
561 1501 695 1576 lectus
722 1501 892 1576 meliore
920 1501 1076 1600 glaeba,

340 1607 416 1684 Oui
445 1606 552 1682 diem
581 1606 744 1698 mentio,
774 1608 947 1683 nebulas
976 1614 1019 1682 et
1046 1610 1213 1683 umbras

445 1715 634 1790 Pandere
662 1713 805 1814 possis.

340 1874 461 1949 Huno
491 1898 596 1971 ama,
628 1874 758 1949 donec
786 1872 910 1948 fuerit
936 1881 1142 1974 superstes

341 1980 517 2080 Spiritus
545 1980 655 2056 vitae
684 2006 762 2056 nec
792 2006 889 2080 opes
918 1984 1061 2056 beatas

340 2087 530 2163 Aestima
556 2087 692 2187 pluris,
719 2087 796 2162 tibi
822 2114 901 2163 nec
930 2088 984 2163 sit
1011 2111 1207 2186 umquam

448 2194 591 2270 Carior
618 2219 729 2268 uxor.

757 2793 891 2861 XXVI.

579 3008 870 3085 FORTUNAE
907 3007 1075 3086 VICES.

347 3223 530 3296 Fortuna
558 3221 698 3312 saevit,
727 3220 868 3319 diripit
896 3221 1042 3313 omnia,
1316 3233 1364 3291 fol
1380 3232 1423 3289 72¹·

349 3328 463 3419 Quae
490 3328 740 3428 possidebas
771 3335 812 3403 te
841 3328 999 3404 tumulo
1028 3351 1154 3428 prope

401 3433 601 3510 Admovit
629 3442 671 3510 et
700 3435 801 3510 dura
828 3435 948 3509 ruina

454 3541 634 3640 Impulit,
663 3543 759 3616 heu!
790 3548 948 3617 veteres
975 3547 1156 3642 penates.

349 3701 443 3776 Non
471 3727 525 3791 es,
556 3701 735 3790 Trebati,
766 3701 834 3798 qui
864 3698 999 3776 fueras
1028 3701 1127 3776 heri.

349 3807 455 3882 Nam
485 3807 602 3882 dulce
631 3807 808 3883 frontem
838 3807 1027 3883 destituit
1054 3808 1180 3883 decus

404 3916 457 3989 Et
484 3914 618 4012 prisea
645 3915 760 3989 vultu
789 3940 874 3989 non
901 3915 1060 3990 relucet

458 4020 602 4097 Gratia
628 4045 706 4095 neo
735 4021 846 4095 soliti
873 4021 1040 4096 nitores.

350 4176 465 4252 Muni
494 4180 601 4254 virili
629 4184 801 4279 peotora
827 4183 975 4255 robore

352 4283 415 4358 Ao
444 4297 582 4362 mente
612 4293 806 4363 constans
835 4286 978 4387 excipe
1006 4291 1191 4380 verbera3

402 4391 563 4468 Vicisse
591 4401 633 4469 te
661 4394 828 4469 tandem
858 4394 1031 4470 iuvabit:

459 4499 554 4576 Sors
582 4501 704 4576 timet
731 4501 935 4601 intrepido
964 4526 1126 4578 nocere.
1416 4542 1435 4582 ιι
