<?xml version="1.0" encoding="UTF-8"?>
<!DOCTYPE html PUBLIC "-//W3C//DTD XHTML 1.0 Transitional//EN"
    "http://www.w3.org/TR/xhtml1/DTD/xhtml1-transitional.dtd">
<html xmlns="http://www.w3.org/1999/xhtml" xml:lang="en" lang="en">
 <head>
  <title>
</title>
<meta http-equiv="Content-Type" content="text/html;charset=utf-8" />
  <meta name='ocr-system' content='tesseract 3.04.00' />
  <meta name='ocr-capabilities' content='ocr_page ocr_carea ocr_par ocr_line ocrx_word'/>
</head>
<body>
  <div class='ocr_page' id='page_1' title='image "./psimonrettenbac00lehngoog/psimonrettenbac00lehngoog_0358.png"; bbox 0 0 3164 5154; ppageno 0'>
   <div class='ocr_carea' id='block_1_1' title="bbox 561 238 836 295">
    <p class='ocr_par' dir='ltr' id='par_1_1' title="bbox 561 238 836 295">
     <span class='ocr_line' id='line_1_1' title="bbox 561 238 836 295; baseline -0.004 -2"><span class='ocrx_word' id='word_1_1' title='bbox 561 238 633 294; x_wconf 89' lang='lat' dir='ltr'>LIB.</span> <span class='ocrx_word' id='word_1_2' title='bbox 652 238 702 294; x_wconf 84' lang='lat' dir='ltr'>VI.</span> <span class='ocrx_word' id='word_1_3' title='bbox 720 239 836 295; x_wconf 77' lang='lat'>26-28.</span> 
     </span>
    </p>
   </div>
   <div class='ocr_carea' id='block_1_2' title="bbox 215 437 1101 859">
    <p class='ocr_par' dir='ltr' id='par_1_2' title="bbox 215 437 1101 859">
     <span class='ocr_line' id='line_1_2' title="bbox 215 437 935 539; baseline -0.001 -26"><span class='ocrx_word' id='word_1_4' title='bbox 215 440 361 514; x_wconf 88' lang='lat' dir='ltr'>Plures</span> <span class='ocrx_word' id='word_1_5' title='bbox 390 438 546 515; x_wconf 84' lang='lat' dir='ltr'>Tibisci</span> <span class='ocrx_word' id='word_1_6' title='bbox 573 438 725 539; x_wconf 89' lang='lat' dir='ltr'>pabula</span> <span class='ocrx_word' id='word_1_7' title='bbox 753 437 935 537; x_wconf 89' lang='lat' dir='ltr'>piscibus</span> 
     </span>
     <span class='ocr_line' id='line_1_3' title="bbox 216 544 1018 645; baseline 0.001 -25"><span class='ocrx_word' id='word_1_8' title='bbox 216 546 402 620; x_wconf 87' lang='lat' dir='ltr'>Hausere</span> <span class='ocrx_word' id='word_1_9' title='bbox 430 545 590 639; x_wconf 88' lang='lat' dir='ltr'>fluctus,</span> <span class='ocrx_word' id='word_1_10' title='bbox 619 544 720 645; x_wconf 88' lang='lat' dir='ltr'>quos</span> <span class='ocrx_word' id='word_1_11' title='bbox 748 545 871 620; x_wconf 82' lang='lat' dir='ltr'>Erebi</span> <span class='ocrx_word' id='word_1_12' title='bbox 898 546 1018 645; x_wconf 89' lang='lat' dir='ltr'>palus</span> 
     </span>
     <span class='ocr_line' id='line_1_4' title="bbox 274 652 884 754; baseline 0.002 -27"><span class='ocrx_word' id='word_1_13' title='bbox 274 652 466 754; x_wconf 76' lang='lat' dir='ltr'>Suscepit</span> <span class='ocrx_word' id='word_1_14' title='bbox 494 652 626 728; x_wconf 90' lang='lat' dir='ltr'>atroci</span> <span class='ocrx_word' id='word_1_15' title='bbox 655 652 884 728; x_wconf 90' lang='lat' dir='ltr'>domandos</span> 
     </span>
     <span class='ocr_line' id='line_1_5' title="bbox 322 758 1101 859; baseline 0.004 -26"><span class='ocrx_word' id='word_1_16' title='bbox 322 759 512 834; x_wconf 82' lang='lat' dir='ltr'><strong>Flumine</strong></span> <span class='ocrx_word' id='word_1_17' title='bbox 540 760 607 834; x_wconf 88' lang='lat' dir='ltr'>vel</span> <span class='ocrx_word' id='word_1_18' title='bbox 634 760 942 859; x_wconf 78' lang='lat' dir='ltr'>Phlegethonte</span> <span class='ocrx_word' id='word_1_19' title='bbox 970 758 1101 858; x_wconf 86' lang='lat' dir='ltr'>nigre,</span> 
     </span>
    </p>
   </div>
   <div class='ocr_carea' id='block_1_3' title="bbox 217 919 1327 1332">
    <p class='ocr_par' dir='ltr' id='par_1_3' title="bbox 217 919 1327 1332">
     <span class='ocr_line' id='line_1_6' title="bbox 217 919 1041 1020; baseline 0.001 -26"><span class='ocrx_word' id='word_1_20' title='bbox 217 919 278 994; x_wconf 90' lang='lat' dir='ltr'>Ne</span> <span class='ocrx_word' id='word_1_21' title='bbox 305 926 449 996; x_wconf 90' lang='lat' dir='ltr'>nostra</span> <span class='ocrx_word' id='word_1_22' title='bbox 475 920 651 1020; x_wconf 91' lang='lat' dir='ltr'>posthac</span> <span class='ocrx_word' id='word_1_23' title='bbox 682 920 896 1019; x_wconf 86' lang='lat' dir='ltr'>exagitent</span> <span class='ocrx_word' id='word_1_24' title='bbox 921 919 1041 995; x_wconf 86' lang='lat' dir='ltr'>vada.</span> 
     </span>
     <span class='ocr_line' id='line_1_7' title="bbox 217 1024 1162 1127; baseline 0.001 -26"><span class='ocrx_word' id='word_1_25' title='bbox 217 1024 276 1102; x_wconf 74' lang='lat' dir='ltr'>At</span> <span class='ocrx_word' id='word_1_26' title='bbox 305 1028 431 1127; x_wconf 86' lang='lat' dir='ltr'>quid?</span> <span class='ocrx_word' id='word_1_27' title='bbox 460 1032 681 1126; x_wconf 86' lang='lat' dir='ltr'>tyrannum</span> <span class='ocrx_word' id='word_1_28' title='bbox 708 1052 793 1102; x_wconf 90' lang='lat' dir='ltr'>nen</span> <span class='ocrx_word' id='word_1_29' title='bbox 820 1028 991 1126; x_wconf 84' lang='lat' dir='ltr'>laqueus</span> <span class='ocrx_word' id='word_1_30' title='bbox 1020 1033 1162 1102; x_wconf 90' lang='lat' dir='ltr'>manet</span> 
     </span>
     <span class='ocr_line' id='line_1_8' title="bbox 273 1133 956 1211; baseline -0.004 0"><span class='ocrx_word' id='word_1_31' title='bbox 273 1135 379 1211; x_wconf 90' lang='lat' dir='ltr'>Orco</span> <span class='ocrx_word' id='word_1_32' title='bbox 408 1134 687 1209; x_wconf 83' lang='lat' dir='ltr'>trahendum?</span> <span class='ocrx_word' id='word_1_33' title='bbox 715 1133 956 1209; x_wconf 88' lang='lat' dir='ltr'>Perduelles</span> 
     </span>
     <span class='ocr_line' id='line_1_9' title="bbox 327 1239 1327 1332; baseline -0.001 -16"><span class='ocrx_word' id='word_1_34' title='bbox 327 1241 503 1316; x_wconf 80' lang='lat' dir='ltr'>Conscia</span> <span class='ocrx_word' id='word_1_35' title='bbox 530 1266 645 1315; x_wconf 90' lang='lat' dir='ltr'>mens</span> <span class='ocrx_word' id='word_1_36' title='bbox 674 1239 844 1316; x_wconf 91' lang='lat' dir='ltr'>furiabit</span> <span class='ocrx_word' id='word_1_37' title='bbox 871 1239 1045 1316; x_wconf 84' lang='lat' dir='ltr'>umbris!</span> <span class='ocrx_word' id='word_1_38' title='bbox 1299 1293 1327 1332; x_wconf 62' lang='lat'>2⁸</span> 
     </span>
    </p>
   </div>
   <div class='ocr_carea' id='block_1_4' title="bbox 371 1715 1042 1976">
    <p class='ocr_par' dir='ltr' id='par_1_4' title="bbox 371 1715 1042 1976">
     <span class='ocr_line' id='line_1_10' title="bbox 631 1715 801 1784; baseline 0.018 -4"><span class='ocrx_word' id='word_1_39' title='bbox 631 1715 801 1784; x_wconf 84' lang='lat' dir='ltr'>XXVIII.</span> 
     </span>
     <span class='ocr_line' id='line_1_11' title="bbox 371 1893 1042 1976; baseline 0 -3"><span class='ocrx_word' id='word_1_40' title='bbox 371 1893 709 1973; x_wconf 86' lang='lat' dir='ltr'>SENECTUTIS</span> <span class='ocrx_word' id='word_1_41' title='bbox 737 1895 1042 1976; x_wconf 88' lang='lat' dir='ltr'><strong>ENCOMIUM.</strong></span> 
     </span>
    </p>
   </div>
   <div class='ocr_carea' id='block_1_5' title="bbox 57 2055 1331 4619">
    <p class='ocr_par' dir='ltr' id='par_1_5' title="bbox 57 2055 1316 2241">
     <span class='ocr_line' id='line_1_12' title="bbox 57 2055 1316 2156; baseline -0.004 -22"><span class='ocrx_word' id='word_1_42' title='bbox 57 2057 257 2156; x_wconf 82' lang='lat' dir='ltr'>Calliope,</span> <span class='ocrx_word' id='word_1_43' title='bbox 286 2062 446 2131; x_wconf 89' lang='lat' dir='ltr'>veteres</span> <span class='ocrx_word' id='word_1_44' title='bbox 474 2055 622 2131; x_wconf 91' lang='lat' dir='ltr'>iterum</span> <span class='ocrx_word' id='word_1_45' title='bbox 651 2082 894 2133; x_wconf 88' lang='lat' dir='ltr'>renovemus</span> <span class='ocrx_word' id='word_1_46' title='bbox 922 2082 1094 2151; x_wconf 66' lang='lat' dir='ltr'>amores</span> <span class='ocrx_word' id='word_1_47' title='bbox 1175 2071 1226 2128; x_wconf 83' lang='lat' dir='ltr'>fol.</span> <span class='ocrx_word' id='word_1_48' title='bbox 1246 2073 1316 2129; x_wconf 68' lang='lat'>128¹·</span> 
     </span>
     <span class='ocr_line' id='line_1_13' title="bbox 167 2163 817 2241; baseline 0.002 -2"><span class='ocrx_word' id='word_1_49' title='bbox 167 2163 210 2240; x_wconf 87' lang='lat' dir='ltr'>Si</span> <span class='ocrx_word' id='word_1_50' title='bbox 239 2188 323 2237; x_wconf 92' lang='lat' dir='ltr'>non</span> <span class='ocrx_word' id='word_1_51' title='bbox 352 2169 415 2237; x_wconf 90' lang='lat' dir='ltr'>est</span> <span class='ocrx_word' id='word_1_52' title='bbox 444 2163 588 2238; x_wconf 90' lang='lat' dir='ltr'>odiosa</span> <span class='ocrx_word' id='word_1_53' title='bbox 615 2169 817 2241; x_wconf 89' lang='lat' dir='ltr'>senectus.</span> 
     </span>
    </p>

    <p class='ocr_par' dir='ltr' id='par_1_6' title="bbox 57 2269 1038 2478">
     <span class='ocr_line' id='line_1_14' title="bbox 57 2269 1038 2363; baseline 0.001 -17"><span class='ocrx_word' id='word_1_54' title='bbox 57 2270 230 2347; x_wconf 86' lang='lat' dir='ltr'>Gratior</span> <span class='ocrx_word' id='word_1_55' title='bbox 258 2278 321 2345; x_wconf 90' lang='lat' dir='ltr'>est</span> <span class='ocrx_word' id='word_1_56' title='bbox 348 2269 478 2344; x_wconf 91' lang='lat' dir='ltr'>multo</span> <span class='ocrx_word' id='word_1_57' title='bbox 506 2270 613 2345; x_wconf 92' lang='lat' dir='ltr'>ludis</span> <span class='ocrx_word' id='word_1_58' title='bbox 642 2278 809 2347; x_wconf 89' lang='lat' dir='ltr'>assueta</span> <span class='ocrx_word' id='word_1_59' title='bbox 836 2271 1038 2363; x_wconf 87' lang='lat' dir='ltr'>iuventus,</span> 
     </span>
     <span class='ocr_line' id='line_1_15' title="bbox 168 2376 925 2478; baseline 0.003 -27"><span class='ocrx_word' id='word_1_60' title='bbox 168 2376 302 2476; x_wconf 82' lang='lat' dir='ltr'>Saepe</span> <span class='ocrx_word' id='word_1_61' title='bbox 330 2382 473 2451; x_wconf 89' lang='lat' dir='ltr'>tamen</span> <span class='ocrx_word' id='word_1_62' title='bbox 499 2378 754 2477; x_wconf 89' lang='lat' dir='ltr'>petulantior</span> <span class='ocrx_word' id='word_1_63' title='bbox 782 2403 925 2478; x_wconf 90' lang='lat' dir='ltr'>aequo.</span> 
     </span>
    </p>

    <p class='ocr_par' dir='ltr' id='par_1_7' title="bbox 59 2481 1123 2689">
     <span class='ocr_line' id='line_1_16' title="bbox 59 2481 1123 2584; baseline -0.001 -23"><span class='ocrx_word' id='word_1_64' title='bbox 59 2484 291 2561; x_wconf 88' lang='lat' dir='ltr'>Commoda</span> <span class='ocrx_word' id='word_1_65' title='bbox 317 2507 450 2584; x_wconf 90' lang='lat' dir='ltr'>pauca</span> <span class='ocrx_word' id='word_1_66' title='bbox 477 2481 583 2559; x_wconf 87' lang='lat' dir='ltr'>ferat</span> <span class='ocrx_word' id='word_1_67' title='bbox 610 2509 749 2559; x_wconf 89' lang='lat' dir='ltr'>secum</span> <span class='ocrx_word' id='word_1_68' title='bbox 778 2486 811 2560; x_wconf 92' lang='lat' dir='ltr'>si</span> <span class='ocrx_word' id='word_1_69' title='bbox 841 2485 969 2561; x_wconf 90' lang='lat' dir='ltr'>serior</span> <span class='ocrx_word' id='word_1_70' title='bbox 997 2491 1123 2582; x_wconf 87' lang='lat' dir='ltr'>aetas,</span> 
     </span>
     <span class='ocr_line' id='line_1_17' title="bbox 166 2590 764 2689; baseline 0.003 -24"><span class='ocrx_word' id='word_1_71' title='bbox 166 2592 350 2665; x_wconf 83' lang='lat' dir='ltr'>Exornat</span> <span class='ocrx_word' id='word_1_72' title='bbox 376 2590 596 2689; x_wconf 89' lang='lat' dir='ltr'>prudentia</span> <span class='ocrx_word' id='word_1_73' title='bbox 622 2592 764 2667; x_wconf 88' lang='lat' dir='ltr'>maior.</span> 
     </span>
    </p>

    <p class='ocr_par' dir='ltr' id='par_1_8' title="bbox 61 2696 1006 2905">
     <span class='ocr_line' id='line_1_18' title="bbox 61 2696 1006 2799; baseline 0 -25"><span class='ocrx_word' id='word_1_74' title='bbox 61 2698 255 2775; x_wconf 87' lang='lat' dir='ltr'>Crinibus</span> <span class='ocrx_word' id='word_1_75' title='bbox 284 2721 306 2771; x_wconf 92' lang='lat' dir='ltr'>e</span> <span class='ocrx_word' id='word_1_76' title='bbox 332 2696 463 2772; x_wconf 85' lang='lat' dir='ltr'>niveis</span> <span class='ocrx_word' id='word_1_77' title='bbox 493 2699 682 2774; x_wconf 87' lang='lat' dir='ltr'>candoris</span> <span class='ocrx_word' id='word_1_78' title='bbox 709 2697 843 2799; x_wconf 85' lang='lat' dir='ltr'>fulget</span> <span class='ocrx_word' id='word_1_79' title='bbox 869 2698 1006 2796; x_wconf 84' lang='lat' dir='ltr'>imago</span> 
     </span>
     <span class='ocr_line' id='line_1_19' title="bbox 167 2805 803 2905; baseline 0.003 -27"><span class='ocrx_word' id='word_1_80' title='bbox 167 2806 221 2879; x_wconf 82' lang='lat' dir='ltr'>Et</span> <span class='ocrx_word' id='word_1_81' title='bbox 248 2805 358 2880; x_wconf 89' lang='lat' dir='ltr'>laeto</span> <span class='ocrx_word' id='word_1_82' title='bbox 389 2829 432 2879; x_wconf 88' lang='lat' dir='ltr'>se</span> <span class='ocrx_word' id='word_1_83' title='bbox 458 2805 625 2881; x_wconf 88' lang='lat' dir='ltr'>tramite</span> <span class='ocrx_word' id='word_1_84' title='bbox 654 2806 803 2905; x_wconf 89' lang='lat' dir='ltr'>signat.</span> 
     </span>
    </p>

    <p class='ocr_par' dir='ltr' id='par_1_9' title="bbox 60 2911 1290 3096">
     <span class='ocr_line' id='line_1_20' title="bbox 60 2911 1290 3012; baseline 0.001 -25"><span class='ocrx_word' id='word_1_85' title='bbox 60 2912 172 2988; x_wconf 92' lang='lat' dir='ltr'>Hinc</span> <span class='ocrx_word' id='word_1_86' title='bbox 202 2916 454 2986; x_wconf 88' lang='lat' dir='ltr'>monstratur</span> <span class='ocrx_word' id='word_1_87' title='bbox 480 2911 570 3003; x_wconf 85' lang='lat' dir='ltr'>iter,</span> <span class='ocrx_word' id='word_1_88' title='bbox 605 2938 710 3011; x_wconf 90' lang='lat' dir='ltr'>quae</span> <span class='ocrx_word' id='word_1_89' title='bbox 738 2913 792 2988; x_wconf 89' lang='lat' dir='ltr'>sit</span> <span class='ocrx_word' id='word_1_90' title='bbox 819 2913 888 2988; x_wconf 89' lang='lat' dir='ltr'>via</span> <span class='ocrx_word' id='word_1_91' title='bbox 914 2918 1007 2987; x_wconf 91' lang='lat' dir='ltr'>tuta</span> <span class='ocrx_word' id='word_1_92' title='bbox 1033 2913 1100 2986; x_wconf 83' lang='lat' dir='ltr'>vel</span> <span class='ocrx_word' id='word_1_93' title='bbox 1127 2937 1290 3012; x_wconf 84' lang='lat' dir='ltr'>anceps,</span> 
     </span>
     <span class='ocr_line' id='line_1_21' title="bbox 168 3017 714 3096; baseline 0.007 -4"><span class='ocrx_word' id='word_1_94' title='bbox 168 3017 333 3092; x_wconf 82' lang='lat' dir='ltr'>insidiis</span> <span class='ocrx_word' id='word_1_95' title='bbox 363 3019 544 3095; x_wconf 81' lang='lat' dir='ltr'>obnoxia</span> <span class='ocrx_word' id='word_1_96' title='bbox 572 3020 714 3096; x_wconf 89' lang='lat' dir='ltr'>caecis.</span> 
     </span>
    </p>

    <p class='ocr_par' dir='ltr' id='par_1_10' title="bbox 61 3125 1097 3332">
     <span class='ocr_line' id='line_1_22' title="bbox 61 3125 1097 3218; baseline 0.001 -18"><span class='ocrx_word' id='word_1_97' title='bbox 61 3127 168 3201; x_wconf 86' lang='lat' dir='ltr'>Nam</span> <span class='ocrx_word' id='word_1_98' title='bbox 196 3125 327 3199; x_wconf 87' lang='lat' dir='ltr'>vitare</span> <span class='ocrx_word' id='word_1_99' title='bbox 358 3126 483 3217; x_wconf 90' lang='lat' dir='ltr'>dolos,</span> <span class='ocrx_word' id='word_1_100' title='bbox 512 3133 696 3202; x_wconf 88' lang='lat' dir='ltr'>versutas</span> <span class='ocrx_word' id='word_1_101' title='bbox 724 3151 894 3202; x_wconf 91' lang='lat' dir='ltr'>noscere</span> <span class='ocrx_word' id='word_1_102' title='bbox 921 3125 1097 3218; x_wconf 88' lang='lat' dir='ltr'>fraudes,</span> 
     </span>
     <span class='ocr_line' id='line_1_23' title="bbox 168 3233 769 3332; baseline 0.008 -27"><span class='ocrx_word' id='word_1_103' title='bbox 168 3233 325 3307; x_wconf 82' lang='lat' dir='ltr'>Edocet</span> <span class='ocrx_word' id='word_1_104' title='bbox 353 3233 609 3332; x_wconf 85' lang='lat' dir='ltr'>experientia</span> <span class='ocrx_word' id='word_1_105' title='bbox 637 3241 769 3310; x_wconf 89' lang='lat' dir='ltr'>cauta.</span> 
     </span>
    </p>

    <p class='ocr_par' dir='ltr' id='par_1_11' title="bbox 64 3339 1050 3548">
     <span class='ocr_line' id='line_1_24' title="bbox 64 3339 1050 3441; baseline -0.001 -26"><span class='ocrx_word' id='word_1_106' title='bbox 64 3339 127 3415; x_wconf 84' lang='lat' dir='ltr'>Sit</span> <span class='ocrx_word' id='word_1_107' title='bbox 156 3364 319 3438; x_wconf 88' lang='lat' dir='ltr'>semper</span> <span class='ocrx_word' id='word_1_108' title='bbox 345 3339 503 3414; x_wconf 90' lang='lat' dir='ltr'>madidi</span> <span class='ocrx_word' id='word_1_109' title='bbox 532 3342 717 3441; x_wconf 87' lang='lat' dir='ltr'>quamvis</span> <span class='ocrx_word' id='word_1_110' title='bbox 745 3340 922 3417; x_wconf 88' lang='lat' dir='ltr'>infantia</span> <span class='ocrx_word' id='word_1_111' title='bbox 948 3341 1050 3431; x_wconf 87' lang='lat' dir='ltr'>nasi,</span> 
     </span>
     <span class='ocr_line' id='line_1_25' title="bbox 170 3446 961 3548; baseline 0.004 -28"><span class='ocrx_word' id='word_1_112' title='bbox 170 3446 262 3520; x_wconf 89' lang='lat' dir='ltr'>Hoc</span> <span class='ocrx_word' id='word_1_113' title='bbox 291 3450 502 3521; x_wconf 88' lang='lat' dir='ltr'>cerebrum</span> <span class='ocrx_word' id='word_1_114' title='bbox 531 3473 574 3522; x_wconf 90' lang='lat' dir='ltr'>se</span> <span class='ocrx_word' id='word_1_115' title='bbox 603 3448 771 3523; x_wconf 89' lang='lat' dir='ltr'>flumine</span> <span class='ocrx_word' id='word_1_116' title='bbox 799 3453 961 3548; x_wconf 88' lang='lat' dir='ltr'>purgat,</span> 
     </span>
    </p>

    <p class='ocr_par' dir='ltr' id='par_1_12' title="bbox 64 3552 1331 3758">
     <span class='ocr_line' id='line_1_26' title="bbox 64 3552 1276 3654; baseline 0.001 -27"><span class='ocrx_word' id='word_1_117' title='bbox 64 3552 304 3652; x_wconf 90' lang='lat' dir='ltr'>Promptius</span> <span class='ocrx_word' id='word_1_118' title='bbox 332 3559 378 3628; x_wconf 92' lang='lat' dir='ltr'>ut</span> <span class='ocrx_word' id='word_1_119' title='bbox 411 3561 564 3645; x_wconf 86' lang='lat' dir='ltr'>cernat,</span> <span class='ocrx_word' id='word_1_120' title='bbox 599 3554 696 3653; x_wconf 89' lang='lat' dir='ltr'>quid</span> <span class='ocrx_word' id='word_1_121' title='bbox 723 3580 865 3631; x_wconf 85' lang='lat' dir='ltr'>verum</span> <span class='ocrx_word' id='word_1_122' title='bbox 895 3555 1043 3654; x_wconf 88' lang='lat' dir='ltr'>quidve</span> <span class='ocrx_word' id='word_1_123' title='bbox 1070 3560 1276 3630; x_wconf 91' lang='lat' dir='ltr'>remotum</span> 
     </span>
     <span class='ocr_line' id='line_1_27' title="bbox 169 3659 1331 3758; baseline 0.004 -25"><span class='ocrx_word' id='word_1_124' title='bbox 169 3659 400 3758; x_wconf 85' lang='lat' dir='ltr'>Figmentis</span> <span class='ocrx_word' id='word_1_125' title='bbox 428 3661 696 3736; x_wconf 89' lang='lat' dir='ltr'>mendacibus</span> <span class='ocrx_word' id='word_1_126' title='bbox 727 3669 852 3737; x_wconf 85' lang='lat' dir='ltr'>erret:</span> <span class='ocrx_word' id='word_1_127' title='bbox 1306 3715 1331 3754; x_wconf 62' lang='lat'>1⁶</span> 
     </span>
    </p>

    <p class='ocr_par' dir='ltr' id='par_1_13' title="bbox 63 3765 1186 3974">
     <span class='ocr_line' id='line_1_28' title="bbox 63 3765 1186 3870; baseline 0 -28"><span class='ocrx_word' id='word_1_128' title='bbox 63 3765 250 3842; x_wconf 85' lang='lat' dir='ltr'>Nubibus</span> <span class='ocrx_word' id='word_1_129' title='bbox 279 3773 325 3841; x_wconf 93' lang='lat' dir='ltr'>ut</span> <span class='ocrx_word' id='word_1_130' title='bbox 353 3769 512 3842; x_wconf 86' lang='lat' dir='ltr'>caelum</span> <span class='ocrx_word' id='word_1_131' title='bbox 540 3768 667 3868; x_wconf 88' lang='lat' dir='ltr'>pulsis</span> <span class='ocrx_word' id='word_1_132' title='bbox 697 3794 739 3843; x_wconf 88' lang='lat' dir='ltr'>se</span> <span class='ocrx_word' id='word_1_133' title='bbox 768 3771 940 3870; x_wconf 87' lang='lat' dir='ltr'>praebet</span> <span class='ocrx_word' id='word_1_134' title='bbox 968 3792 1186 3843; x_wconf 90' lang='lat' dir='ltr'>amoenum</span> 
     </span>
     <span class='ocr_line' id='line_1_29' title="bbox 170 3874 818 3974; baseline 0.008 -28"><span class='ocrx_word' id='word_1_135' title='bbox 170 3874 224 3947; x_wconf 82' lang='lat' dir='ltr'>Et</span> <span class='ocrx_word' id='word_1_136' title='bbox 252 3880 491 3974; x_wconf 90' lang='lat' dir='ltr'>spectantur</span> <span class='ocrx_word' id='word_1_137' title='bbox 519 3876 666 3950; x_wconf 90' lang='lat' dir='ltr'>clarius</span> <span class='ocrx_word' id='word_1_138' title='bbox 696 3883 818 3952; x_wconf 87' lang='lat' dir='ltr'>astra.</span> 
     </span>
    </p>

    <p class='ocr_par' dir='ltr' id='par_1_14' title="bbox 62 3980 1276 4188">
     <span class='ocr_line' id='line_1_30' title="bbox 62 3980 1276 4080; baseline -0.002 -23"><span class='ocrx_word' id='word_1_139' title='bbox 62 3981 126 4057; x_wconf 87' lang='lat' dir='ltr'>Sit</span> <span class='ocrx_word' id='word_1_140' title='bbox 152 3980 339 4056; x_wconf 90' lang='lat' dir='ltr'>tremulis</span> <span class='ocrx_word' id='word_1_141' title='bbox 368 3981 505 4057; x_wconf 88' lang='lat' dir='ltr'>senior</span> <span class='ocrx_word' id='word_1_142' title='bbox 532 3982 725 4057; x_wconf 88' lang='lat' dir='ltr'>membris</span> <span class='ocrx_word' id='word_1_143' title='bbox 755 3991 797 4058; x_wconf 91' lang='lat' dir='ltr'>et</span> <span class='ocrx_word' id='word_1_144' title='bbox 824 3981 998 4058; x_wconf 89' lang='lat' dir='ltr'>vertice:</span> <span class='ocrx_word' id='word_1_145' title='bbox 1029 3982 1128 4080; x_wconf 90' lang='lat' dir='ltr'>quid</span> <span class='ocrx_word' id='word_1_146' title='bbox 1155 3984 1276 4055; x_wconf 80' lang='lat' dir='ltr'>tum?</span> 
     </span>
     <span class='ocr_line' id='line_1_31' title="bbox 169 4086 861 4188; baseline 0.006 -28"><span class='ocrx_word' id='word_1_147' title='bbox 169 4086 402 4163; x_wconf 89' lang='lat' dir='ltr'>Mobilitate</span> <span class='ocrx_word' id='word_1_148' title='bbox 431 4095 474 4163; x_wconf 91' lang='lat' dir='ltr'>et</span> <span class='ocrx_word' id='word_1_149' title='bbox 502 4088 638 4164; x_wconf 88' lang='lat' dir='ltr'>sidera</span> <span class='ocrx_word' id='word_1_150' title='bbox 665 4091 861 4188; x_wconf 87' lang='lat' dir='ltr'>gaudent.</span> 
     </span>
    </p>

    <p class='ocr_par' dir='ltr' id='par_1_15' title="bbox 59 4193 1007 4378">
     <span class='ocr_line' id='line_1_32' title="bbox 59 4193 1007 4272; baseline 0.003 -4"><span class='ocrx_word' id='word_1_151' title='bbox 59 4193 249 4269; x_wconf 86' lang='lat' dir='ltr'>Deliciae</span> <span class='ocrx_word' id='word_1_152' title='bbox 278 4219 392 4269; x_wconf 86' lang='lat' dir='ltr'>rarae</span> <span class='ocrx_word' id='word_1_153' title='bbox 422 4220 564 4271; x_wconf 90' lang='lat' dir='ltr'>sensus</span> <span class='ocrx_word' id='word_1_154' title='bbox 593 4198 773 4272; x_wconf 91' lang='lat' dir='ltr'>mulcere</span> <span class='ocrx_word' id='word_1_155' title='bbox 801 4195 1007 4272; x_wconf 83' lang='lat' dir='ltr'>videntur:</span> 
     </span>
     <span class='ocr_line' id='line_1_33' title="bbox 169 4301 725 4378; baseline 0.005 -3"><span class='ocrx_word' id='word_1_156' title='bbox 169 4301 365 4376; x_wconf 88' lang='lat' dir='ltr'>Delectat</span> <span class='ocrx_word' id='word_1_157' title='bbox 391 4302 601 4377; x_wconf 86' lang='lat' dir='ltr'>vindemia</span> <span class='ocrx_word' id='word_1_158' title='bbox 629 4304 725 4378; x_wconf 89' lang='lat' dir='ltr'>sola.</span> 
     </span>
    </p>

    <p class='ocr_par' dir='ltr' id='par_1_16' title="bbox 57 4408 996 4619">
     <span class='ocr_line' id='line_1_34' title="bbox 57 4408 996 4508; baseline 0.001 -25"><span class='ocrx_word' id='word_1_159' title='bbox 57 4408 222 4508; x_wconf 86' lang='lat' dir='ltr'>Effugit</span> <span class='ocrx_word' id='word_1_160' title='bbox 250 4409 371 4483; x_wconf 88' lang='lat' dir='ltr'>duros</span> <span class='ocrx_word' id='word_1_161' title='bbox 400 4409 588 4484; x_wconf 88' lang='lat' dir='ltr'>dominos</span> <span class='ocrx_word' id='word_1_162' title='bbox 615 4410 798 4508; x_wconf 90' lang='lat' dir='ltr'>liberque</span> <span class='ocrx_word' id='word_1_163' title='bbox 828 4415 996 4485; x_wconf 86' lang='lat' dir='ltr'>catenas</span> 
     </span>
     <span class='ocr_line' id='line_1_35' title="bbox 170 4513 815 4619; baseline 0.002 -28"><span class='ocrx_word' id='word_1_164' title='bbox 170 4513 361 4616; x_wconf 87' lang='lat' dir='ltr'>Abrupit‚</span> <span class='ocrx_word' id='word_1_165' title='bbox 392 4517 457 4591; x_wconf 91' lang='lat' dir='ltr'>cui</span> <span class='ocrx_word' id='word_1_166' title='bbox 485 4517 603 4599; x_wconf 90' lang='lat' dir='ltr'>nulla</span> <span class='ocrx_word' id='word_1_167' title='bbox 627 4519 815 4619; x_wconf 86' lang='lat' dir='ltr'>voluptas</span> 
     </span>
    </p>
   </div>
   <div class='ocr_carea' id='block_1_6' title="bbox 0 0 1601 5154">
    <p class='ocr_par' dir='ltr' id='par_1_17' title="bbox 0 0 1601 5154">
     <span class='ocr_line' id='line_1_36' title="bbox 0 0 1601 5154; baseline 0 0"><span class='ocrx_word' id='word_1_168' title='bbox 0 0 1601 5154; x_wconf 95' lang='lat' dir='ltr'> </span> 
     </span>
    </p>
   </div>
  </div>
 </body>
</html>
