3164 5154
610 223 684 281 ΗΒ.
703 223 727 280 Ι.
745 224 861 281 22-24.

255 423 471 522 Ingratum
490 428 630 521 caput!
652 423 764 498 haud
784 448 826 499 es
845 448 1003 498 memor
1022 425 1209 524 ampliua

256 529 363 618 Quid
398 536 583 630 praestes
614 529 756 623 niveis,
794 536 905 622 nate,
943 532 1210 631 parentibus?

307 637 459 711 Pectus
495 635 653 736 respice
691 636 844 729 matris,

361 741 476 833 Quae
512 741 617 818 fovit
648 743 803 818 totiens
841 743 942 818 sinu.

115 950 118 955 -
252 902 450 1003 Expende
487 903 702 1000 ambiguas
740 902 1036 978 sollicitudines

252 1008 317 1083 Ac
355 1033 472 1083 curas
510 1008 648 1100 animi,
689 1009 778 1108 quis
816 1010 920 1084 aluit
954 1020 1084 1109 pater.

307 1114 522 1206 Quaenam
559 1141 730 1191 munera
767 1116 916 1215 liquit?

357 1224 411 1296 Et
449 1248 549 1320 quas
584 1222 749 1298 divitias
788 1222 928 1297 dedit?
1334 1257 1360 1298 u

254 1381 333 1471 Qui
369 1382 498 1458 vitam
536 1382 690 1473 tribuit,
728 1382 885 1458 fercula
921 1382 1130 1481 deneges?

252 1488 339 1563 Nec
375 1497 477 1589 potu
515 1489 651 1579 saties,
691 1515 795 1589 quae
828 1492 956 1565 ubera
992 1490 1211 1589 praebuit?

304 1595 397 1671 Non
435 1597 522 1671 fata
559 1620 706 1695 aspera
743 1596 876 1672 cernis

358 1705 412 1776 Et
448 1727 584 1803 rerum
622 1702 767 1779 dubias
799 1703 944 1779 vices?
1334 1734 1360 1776 20

252 1859 295 1936 Si
315 1860 476 1960 linguas
495 1862 709 1937 hominum
736 1887 821 1937 non
839 1862 1001 1955 metuis,
1019 1865 1212 1963 probrum

251 1967 338 2042 Nec
370 1976 550 2044 mentem
579 1969 753 2068 rigidam
781 1970 929 2068 tangit,
963 1976 1007 2045 at
1035 1969 1188 2046 excitet

305 2074 468 2150 Vindex
505 2076 674 2151 dextera
702 2076 806 2151 caeli

356 2182 523 2256 Plexuri
561 2184 715 2258 scelera
753 2183 904 2259 omnia.

678 2799 812 2868 XXIV.

299 3012 454 3090 AMOR
483 3014 734 3092 VETULAE
762 3014 1152 3094 DISSUADETUR.

251 3208 396 3302 Ardea
436 3210 508 3284 sed
544 3211 708 3285 vetulae
744 3210 874 3309 turpis
911 3213 964 3286 ab
997 3213 1121 3287 ubere
1229 3225 1355 3282 f01.10v·

251 3316 427 3404 PendeS,
466 3316 665 3393 sollicitus
702 3318 827 3415 figere
864 3317 981 3392 basia

251 3422 381 3522 Rugis
419 3429 461 3498 et
497 3424 652 3498 madidi
690 3424 870 3524 (credere
908 3424 997 3523 quis
1031 3423 1197 3526 queatP)

358 3530 457 3606 Nasi
486 3531 669 3606 lambere
697 3531 879 3604 flumina.
1346 3566 1359 3604 4

253 3690 316 3763 Tu
354 3690 469 3765 vultu
505 3715 636 3781 rosea
676 3690 856 3764 crinibus
894 3690 1039 3781 aureis,

252 3794 448 3872 Nutantis
486 3797 633 3895 capitis
670 3821 756 3871 non
792 3796 942 3871 metuis
980 3821 1104 3872 manu

251 3900 488 3978 Attrectare
526 3904 653 3994 nives,
692 3928 776 3978 non
815 3904 954 3979 oculos
992 3904 1106 3979 velut

357 4010 602 4086 Exerrantia
639 4009 802 4086 sidera?

253 4168 287 4243 O
325 4167 505 4244 formose
541 4195 655 4269 puer,
694 4194 920 4270 purpureas
957 4195 1086 4268 genas

251 4275 405 4374 Exsugi
443 4276 629 4353 tremulis
665 4302 719 4351 ne
755 4277 875 4353 labiis
913 4276 1022 4352 sine:

251 4382 466 4458 Florentes
504 4383 606 4458 senii
644 4408 696 4458 ne
732 4383 885 4458 macies
923 4393 1041 4460 voret

357 4493 514 4579 Annos,
554 4490 768 4580 admoneo,
809 4514 917 4565 cave.
