3164 5154
175 247 240 307 250
710 234 915 291 SILVARUM

172 439 349 514 Bellona
376 462 500 536 quem
527 460 613 512 non
639 433 797 534 frangit
824 443 867 512 et
893 434 1037 511 Martis
1065 432 1194 527 furor,

281 544 385 620 Cum
406 547 507 619 tuba
525 567 653 619 rauca
676 549 800 618 sonat
822 567 871 617 ao
894 543 998 616 dura
1019 539 1185 619 fervent
1198 541 1379 643 proelia,

174 650 307 742 Quem
334 651 568 750 principum
596 656 681 725 non
710 649 866 748 decipit
892 649 1015 724 fictus
1042 646 1165 724 favor

280 758 335 834 Et
363 758 581 833 simulatus
611 781 727 831 amor
755 755 928 831 abducit
955 760 1163 832 astrorum
1190 755 1276 832 via.
1422 790 1432 829 1

174 863 255 954 Qui
285 864 395 940 sicut
421 864 514 953 ilex,
545 862 699 962 Aquilo
730 887 853 962 quarn
882 861 1043 961 gelidus
1072 862 1213 961 quatit

281 970 449 1048 Viribus
479 969 705 1060 indomitis,
734 993 888 1068 magno
916 968 1073 1045 resistit
1100 969 1304 1068 pondere.

172 1078 368 1154 Romana
394 1103 459 1152 res
489 1102 537 1152 ao
566 1077 700 1176 gloria
727 1076 791 1151 his
820 1075 970 1151 animis
998 1074 1135 1153 stetit:

278 1185 506 1284 Postquam
537 1183 775 1274 decidimus,
794 1180 970 1260 ludibrio
991 1183 1181 1259 hostibus
1201 1207 1354 1258 sumus.
1411 1217 1431 1254 o

180 1288 270 1364 Ah!
300 1291 469 1368 tandem
500 1290 635 1366 avitus
662 1290 809 1366 redeat
836 1288 1032 1366 Ausoniis
1060 1290 1177 1366 calor
1335 1305 1337 1308 ’

283 1397 610 1497 Pectoribusque
630 1397 746 1473 fides:
775 1397 865 1495 quis
884 1402 1027 1474 nostra
1045 1397 1193 1472 vincat
1213 1396 1400 1496 agmina?

771 2050 854 2114 XII.

395 2262 615 2341 TURCAE
644 2264 861 2342 EUROPA
888 2266 1242 2346 EXPELLENDI.

172 2478 266 2553 Heu
294 2476 426 2575 pudor
454 2482 497 2551 et
523 2476 651 2552 ferale
678 2475 806 2570 nefas,
837 2478 896 2553 sic
920 2472 1086 2555 credere
1104 2480 1281 2576 Christo,
1295 2495 1343 2552 fol.
1362 2495 1415 2551 ue

279 2584 337 2660 Ut
365 2583 573 2658 contraria
600 2585 686 2658 tela
713 2591 911 2685 reponas!

171 2689 417 2789 Foedifrago
447 2691 635 2789 Europae
665 2691 853 2767 dominos
882 2691 1033 2767 servire
1061 2699 1241 2792 tyranno

277 2799 331 2873 Et
359 2797 566 2872 Thracum
595 2799 816 2874 succedere
845 2799 1005 2874 castris!

172 2903 305 2995 Quam
336 2905 442 2979 bene
471 2904 635 2979 duravit
662 2905 830 2981 libertas
859 2906 1056 2981 Hellados
1087 2905 1198 2998 olim,

277 3011 496 3086 Persarum
527 3010 624 3084 dum
652 3037 824 3086 munera
851 3013 1021 3113 sprevit3

171 3116 323 3192 Omnia
351 3142 461 3192 nunc
490 3118 649 3192 nummi
681 3125 871 3217 possunt:
901 3120 965 3194 his
994 3114 1170 3195 moenia
1189 3120 1349 3211 cedunt,

279 3223 445 3324 Oppida
472 3249 549 3298 nec
577 3225 737 3300 munita
766 3226 975 3302 resistunt.
1411 3256 1421 3295 1

169 3329 298 3406 Aroes
329 3329 513 3428 Odrysiis
542 3356 684 3406 sacrae
712 3334 946 3407 venduntur
975 3340 1017 3408 et
1044 3358 1151 3425 arae,

277 3436 392 3525 Quae
421 3431 590 3512 caelesti
618 3441 819 3538 sanguine
847 3439 1021 3515 sumant:

43 3629 46 3636 ¹
170 3543 271 3633 Quis
302 3544 511 3641 quondam
541 3545 692 3621 cecidit
719 3546 954 3644 gratissima
980 3547 1153 3623 victima
1182 3547 1298 3637 divis,

275 3650 395 3725 Nunc
425 3651 595 3726 canibus
626 3653 796 3727 delubra
824 3653 1024 3728 dicantur.
1401 3683 1419 3722 12

168 3757 217 3831 In
245 3757 411 3857 templis
440 3757 591 3833 nostris
619 3760 708 3858 apri
738 3761 997 3835 stabulantur
1026 3767 1068 3836 61
1095 3761 1200 3836 hirci

276 3861 364 3937 Aut
393 3863 426 3936 si
456 3865 679 3963 quidquam
707 3867 867 3965 turpius
896 3867 1006 3942 istis:

169 3966 346 4068 Surgite,
380 3971 588 4062 Germani,
619 3973 804 4047 stimulet
832 3974 1020 4050 vindicta
1048 3973 1231 4050 iacentes

275 4077 329 4150 Et
357 4085 567 4152 sectantes
597 4080 684 4154 otia
711 4079 841 4178 pigra,
1399 4106 1419 4146 ¹⁸

166 4181 284 4257 Urite
311 4182 523 4259 Bistonios
553 4209 685 4283 agros,
717 4187 947 4263 exscindite
975 4194 1117 4278 turres

272 4289 425 4365 Hostili
455 4315 507 4365 ne
535 4294 693 4390 parcite
722 4294 906 4391 glaebae.

167 4393 444 4472 Christiadum
474 4404 604 4473 terras
633 4399 782 4474 iterum
811 4425 894 4499 pax
922 4401 1033 4476 alma
1059 4401 1223 4494 reviset,

272 4502 377 4578 Cum
405 4503 530 4578 fuerit
559 4530 682 4580 caesa
709 4507 838 4606 impia
865 4510 998 4600 turba,
