3164 5154
509 219 586 278 Lm.
602 220 657 277 m.
675 223 755 280 4-7.

611 435 672 503 VL

363 577 607 658 POPULUS
634 579 923 659 INGRATUS.

216 737 404 814 Labente
434 738 467 813 si
496 737 595 838 quid
623 740 845 816 contineris
873 747 986 819 statu
1134 758 1185 817 fol.
1202 762 1260 818 30¹·

215 841 457 920 Periculose
484 851 671 946 tempore
699 846 908 946 providus,

271 949 315 1027 Si
340 950 528 1026 liberatis
553 953 677 1028 rebus
706 951 805 1028 artis

324 1056 507 1133 Consilio
536 1059 717 1157 patriam
744 1066 944 1151 ruentem,

216 1198 368 1273 Hostes
395 1199 463 1274 vol
491 1199 613 1276 armis
642 1198 804 1276 fortiter
832 1224 984 1294 arceas,

219 1302 322 1379 Cum
351 1305 410 1381 sic
436 1305 618 1406 reposcit
647 1304 748 1382 dura
774 1307 1011 1399 necessitas,

269 1408 357 1486 Aut
383 1411 508 1489 latius
535 1413 640 1488 fines
668 1437 874 1513 propagas

322 1517 492 1618 Imperii
521 1518 744 1620 spoliisque
772 1519 897 1595 dites:

215 1657 278 1732 Ne
306 1658 437 1751 crede,
467 1684 622 1760 magna
650 1660 760 1760 quod
786 1659 864 1736 tibi
892 1659 1026 1760 gratia

215 1764 420 1841 Devinota
448 1765 502 1840 sit
517 1766 647 1866 plebs,
677 1772 830 1866 augeat
853 1773 925 1842 aut
944 1767 1069 1843 decus

268 1871 442 1948 Vistutis
470 1873 744 1949 admiratione

322 1978 608 2056 Muneribusve
635 1978 869 2080 frequentet
896 1979 1054 2080 amplis.

217 2118 444 2195 Commune
457 2120 604 2219 vulgus
618 2145 703 2196 non
719 2126 887 2220 reputat
899 2123 1067 2214 bonum,

215 2223 427 2301 Adiuncta
453 2226 497 2300 ni
526 2227 609 2301 sint
639 2227 806 2327 propria
835 2228 1066 2305 commoda:

267 2332 437 2408 Privata
466 2357 627 2432 semper
651 2332 951 2434 praeferuntur,

323 2437 497 2514 Publica
510 2446 724 2541 tamquam
739 2438 875 2516 atiena
887 2441 1067 2517 sordent.

216 2577 387 2679 Ingrata
413 2605 509 2656 vero
537 2605 623 2656 non
649 2581 794 2682 populi
820 2587 989 2658 amovet

213 2685 281 2760 Ira
308 2686 550 2762 innocentes
577 2691 707 2763 urbe?
734 2688 1034 2765 Themistocles

266 2791 410 2868 Medos
438 2792 609 2869 adorare
639 2800 701 2870 est
730 2801 902 2872 coactus

321 2896 530 3000 Cecropiis
558 2898 721 3000 fugiens
749 2899 947 2996 Athenis;

212 3040 363 3115 Livore
392 3041 568 3116 Romam
598 3041 739 3143 Scipio
768 3043 921 3121 deserit

211 3147 266 3221 Et
293 3170 386 3221 rure
414 3147 527 3224 vivit.
574 3148 711 3241 Plebs,
740 3150 854 3227 velut
878 3150 1067 3250 aequoris

265 3253 435 3328 Fluctus
463 3252 602 3330 fremit
628 3257 858 3355 propulsus
888 3282 989 3334 aura

320 3359 515 3450 Qualibet
543 3368 605 3438 est
631 3361 763 3438 facilis
791 3363 957 3438 moveri.

600 3851 679 3917 VII.

171 3992 506 4075 ADFECTIBUS
534 3995 651 4074 NON
679 3995 1091 4075 INDULGENDUM.

210 4155 402 4254 Ingratos
430 4155 609 4232 animos!
640 4162 705 4233 tot
733 4157 800 4232 cui
828 4182 1000 4233 munera
1124 4172 1175 4228 fol.
1194 4175 1253 4231 εον·

207 4261 410 4337 Miserunt
436 4261 581 4363 superi,
609 4262 744 4339 sidera
771 4263 957 4363 despicit,

262 4367 429 4444 Vesano
459 4368 591 4443 uritur
618 4376 736 4446 aestu

317 4471 459 4574 Atque
487 4474 605 4573 ignes
637 4474 775 4552 fatuos
804 4476 920 4553 colit!
