3164 5154
570 231 573 235 ’
593 269 666 323 mn.
686 268 708 322 1.
722 269 825 337 '9-10.

285 468 352 543 Ad
382 491 544 542 crucem
574 475 616 542 et
644 475 820 543 mortem
848 465 1074 540 Dominum
1103 472 1245 540 secuto

285 574 471 673 Virginis
498 574 643 648 matris
671 573 748 648 tibi
777 598 875 648 cura
904 573 1042 646 cessit:

284 681 442 758 Ultima
471 705 493 755 e
522 705 638 755 sacro
668 679 882 755 morientis
912 674 982 753 ore

390 788 507 862 Iussa
535 787 727 887 capessis,

284 947 457 1022 Tartaro
486 945 784 1022 victotumulo
813 944 1067 1044 propinquas

284 1054 447 1127 Primus
477 1059 519 1127 et
548 1053 680 1127 cernis
709 1076 886 1127 vacuum
915 1052 1158 1150 sepulcrum,

284 1160 452 1259 Ingredi
481 1160 664 1234 sednon
692 1159 806 1259 cupis
836 1184 884 1235 ac
912 1159 1071 1233 recedis

390 1268 565 1342 Pectore
592 1266 711 1343 tristi.

286 1427 343 1499 At
370 1425 491 1515 ledia,
520 1426 595 1500 lini
624 1425 774 1526 aspicis
802 1425 1023 1516 involucra,

285 1533 341 1609 Ut
367 1533 428 1608 rei
455 1533 576 1607 testis
605 1532 727 1607 simul
755 1557 843 1606 esse
871 1530 1022 1629 possis;

286 1641 438 1714 Postea
466 1640 659 1737 agnoscis
686 1639 912 1713 Dominum
943 1638 1083 1736 quieto

389 1745 531 1821 Litore
561 1753 752 1822 stantem.

284 1906 500 1981 Traditum
528 1907 699 1980 verbum
728 1905 824 1980 inde
853 1903 981 1978 Asiae
1009 1928 1082 2003 per
1110 1907 1231 1978 urbes

285 2013 452 2112 Spargis
482 2019 525 2087 et
553 2012 666 2110 cogis
695 2014 868 2112 populos
896 2011 1038 2084 fideles

284 2119 451 2193 Numini
481 2118 646 2209 servire,
678 2119 777 2194 deos
805 2119 951 2194 inanes

389 2227 550 2300 Ludere
579 2225 730 2300 sannis.

283 2385 425 2460 Insula
454 2385 567 2459 saevi
596 2384 725 2459 sterili
752 2385 917 2483 tyra-nni

284 2492 497 2566 Clauden's
527 2491 650 2579 iussu,
680 2491 757 2566 tibi
785 2518 879 2567 vero
911 2491 1109 2593 Olympus

282 2598 430 2673 Prodit
458 2622 612 2673 arcana
640 2603 683 2672 et
710 2599 844 2674 varios
872 2598 1009 2674 futuro

389 2706 592 2805 Tempore
621 2729 751 2779 casua.

282 2863 419 2938 Altius
447 2865 578 2939 multo
607 2864 774 2963 reliquis
803 2865 964 2953 volasti,

282 2971 331 3044 ln
361 2972 453 3044 sinu
481 2973 663 3047 Verbum
692 2971 906 3046 inveniens
935 2972 1130 3057 Paterna

283 3079 421 3176 Atque
451 3079 494 3151 in
521 3078 744 3152 immortali
774 3079 914 3153 oculos
944 3104 985 3152 es
1015 3103 1137 3152 ausus

387 3184 535 3280 Figere
566 3184 671 3259 Sole.

283 3344 401 3419 Sicut
428 3344 602 3443 opponit
630 3344 755 3419 radiis
785 3345 866 3419 diei

281 3450 482 3524 Fulminis
511 3477 554 3525 se
583 3452 713 3541 heres,
743 3450 892 3526 fruitur
918 3452 1064 3541 nitore,

282 3556 351 3631 Sic
380 3564 477 3632 tuae
505 3557 702 3656 mysteria
730 3583 891 3633 summa
919 3558 1070 3633 mentis

388 3663 566 3739 Cernere
594 3690 754 3739 munus.

283 3823 454 3898 Gratius
482 3849 580 3898 vcro
609 3823 713 3897 nihil
742 3832 806 3899 est
833 3849 975 3899 amore

282 3929 453 4030 Semper
480 3930 640 4006 ardenti
668 3931 712 4003 in
741 3931 854 4006 senio
885 3940 928 4006 et
955 3931 1135 4018 iuventa,

283 4036 374 4126 Quo
404 4038 527 4111 doces
556 4045 708 4110 terram
736 4036 878 4136 fugere
908 4063 956 4112 ao
986 4039 1109 4112 beata

389 4143 597 4232 Quaerere
626 4168 766 4242 regna.
