3164 5154
534 257 607 312 LIB.
627 257 696 312 XII.
714 259 793 313 6-7.

188 457 402 532 Somnium
430 457 609 531 mendax
638 464 680 531 et
708 456 844 533 inanis
873 461 1031 548 umbra,

187 563 282 638 Sive
311 589 397 639 sors
426 564 599 639 adversa
628 564 682 639 sit
710 573 783 640 aut
811 564 1004 654 secunda,

188 671 368 747 Oenseat
395 670 429 745 si
457 670 548 770 quis
575 670 735 746 variare
762 696 1001 770 numquam,

293 778 441 876 Figere
470 778 648 852 clavum:

187 937 333 1037 Aspici
361 938 517 1036 gaudet
544 937 649 1013 facie
679 937 833 1025 dolosa,

188 1043 268 1119 Ore
297 1045 380 1119 iam
409 1044 572 1136 blando,
603 1045 685 1119 iam
715 1043 862 1119 iterum
891 1043 1056 1117 minaci.

186 1150 371 1242 Fallitur,
402 1151 585 1250 quisquis
614 1150 763 1226 metuit
791 1149 970 1224 ferocem
1000 1158 1072 1224 aut

295 1258 444 1358 Sperat
470 1258 660 1334 amicam.

187 1417 313 1493 Astra
342 1443 436 1492 cum
466 1419 661 1516 languere
690 1416 816 1508 videS,
847 1415 946 1514 quid
974 1416 1143 1490 horres?

189 1524 360 1624 Semper
388 1525 499 1599 haud
527 1522 696 1600 maestis
724 1523 883 1599 facibus
911 1523 1136 1598 micabunt.

188 1632 342 1708 Bruma
371 1631 561 1722 cessabit,
591 1630 722 1731 tepidi
751 1630 904 1706 redibit

310 1738 441 1813 lratia
469 1738 586 1814 veria.

632 2355 708 2418 VII.

177 2566 542 2647 CONTEMPTUS
570 2568 837 2645 HUMANAE
865 2568 1169 2645 VANITATIS.

190 2780 367 2854 Culmini
399 2780 495 2855 dum
522 2780 770 2881 praecipites
798 2779 937 2855 ruinas
1153 2796 1296 2852 1111911·ι

191 2886 322 2962 Cerno
352 2887 522 2979 vicinae,
553 2888 698 2963 dubios
728 2889 917 2975 honorae,

188 2995 411 3070 Lubricum
440 2994 602 3086 fastum,
629 3019 846 3094 procerum
874 3003 1079 3068 tumorem

296 3102 498 3201 Spernere
529 3101 654 3176 disco.

188 3261 383 3336 Imminet
410 3260 565 3335 fulmen
594 3261 747 3336 laribus
777 3261 976 3360 superbie,

189 3367 247 3442 At
275 3367 380 3443 casis
408 3367 560 3467 parcit,
591 3369 814 3444 vehemens
844 3376 886 3443 et
914 3367 1056 3443 Austri

188 3474 261 3549 Vis
291 3475 425 3574 quatit
453 3500 662 3574 quercum,
691 3474 849 3574 fragilis
877 3476 1100 3550 tumultum

296 3581 439 3656 Nescit
466 3582 635 3656 arundo.

189 3739 287 3816 Vita
316 3740 413 3814 dum
443 3739 574 3831 durat,
604 3742 715 3816 bona
743 3767 830 3816 sors
860 3766 984 3816 avara

188 3847 341 3946 Impari
370 3870 495 3921 censu
523 3847 680 3938 tribuit,
711 3849 784 3923 sed
812 3854 963 3945 aequat

190 3954 351 4030 Cuncta
380 3979 506 4028 mors:
537 3954 680 4029 condit
707 3955 823 4031 tenui
853 3954 1041 4053 sepulcre

296 4061 480 4160 Corpora
508 4062 631 4137 nuda.

188 4221 292 4294 Cum
322 4220 431 4295 senis
459 4245 535 4297 nos
564 4222 713 4319 cymba
740 4223 865 4296 vehet
894 4220 1114 4296 Charcntis

186 4326 296 4401 Ditis
325 4327 379 4401 ad
407 4327 543 4415 limen,
575 4327 674 4427 quid
702 4353 801 4426 opes
830 4327 979 4418 avitae,

188 4433 295 4523 Quid
324 4458 455 4533 geuus
484 4435 666 4509 clarum?
694 4434 878 4510 Famulis
906 4437 1034 4527 locus,
1065 4435 1132 4533 qui

292 4540 486 4639 Regibus,
516 4541 638 4616 idem.
