3164 5154
424 266 428 316 7
465 254 747 324 mmm-aa

122 461 307 563 Surgunt
331 461 489 539 rosisse
514 461 684 564 rupibus
710 459 879 540 Anione

122 568 263 646 Stellis
293 569 511 645 columnae
537 562 866 646 versicoloribus:

174 675 302 751 Dives
329 675 501 753 laounur
526 672 660 775 fulget
686 689 788 751 nuo

229 782 284 857 Et
309 781 435 857 variis
462 786 629 859 aaron
655 779 796 880 signis.

121 939 286 1018 Ardent
310 958 472 1017 veneno
499 937 671 1017 Sidonio
700 939 845 1016 domus

120 1045 283 1124 Aulaea
311 1046 457 1146 quovis
485 1045 645 1147 pariete
672 1047 866 1146 pendula:

175 1152 428 1253 Superbiunt
453 1159 595 1254 postes
621 1153 804 1241 metallo,

226 1259 433 1335 Marmore
459 1259 526 1334 vel
551 1257 676 1334 Pario
704 1258 906 1334 renident.

120 1416 226 1493 Tam
255 1418 366 1494 celsa
391 1417 516 1493 villae
544 1416 726 1493 culmina
753 1441 797 1493 se
826 1416 1000 1514 erigunt,

121 1523 186 1599 Ao
214 1523 249 1599 si
277 1523 489 1600 minentur
517 1522 717 1600 sideribus
744 1522 834 1600 fera

173 1629 275 1706 Ritu
304 1628 533 1727 Gigantum
560 1627 709 1706 inferre
736 1630 847 1706 bella

225 1736 281 1810 ut
306 1735 515 1836 placidam
540 1758 728 1812 resecare
753 1758 914 1837 paoem.
1201 1784 1227 1825 1⁶

121 1894 349 1994 Coniungit
374 1895 516 1971 hortos
544 1920 629 1971 non
655 1894 897 1993 Babyloniis

121 2000 246 2078 Oultu
271 2001 452 2076 minores
490 2000 562 2076 sed
589 2022 722 2101 neque
750 1998 972 2076 Adonidis:

173 2107 244 2184 Sio
270 2108 396 2183 Flora
421 2107 576 2183 blanda
600 2108 718 2208 prole
747 2107 940 2194 abundat,

225 2210 406 2291 Aemula
431 2220 479 2289 ut
506 2212 731 2314 aspiciatur
759 2211 891 2288 astris.

119 2354 236 2431 Haeo
254 2356 429 2456 pulchra
445 2354 547 2431 visu.
570 2352 671 2445 Quis
691 2354 906 2430 dominus?
925 2355 1078 2430 Pudet!

119 2460 308 2554 Immitis,
338 2462 486 2554 audax,
516 2461 699 2537 moribus
728 2460 901 2560 asperis:

173 2568 232 2645 Ut
258 2569 413 2644 Pontus
439 2567 644 2644 horrescit
669 2565 863 2668 procellis

225 2674 280 2749 Et
305 2672 447 2750 fremit
473 2674 670 2774 ambiguo
696 2674 887 2750 tumultu.

119 2813 214 2890 Non
241 2815 370 2890 verba
398 2814 590 2891 claustris
615 2815 762 2890 mollia
787 2813 974 2892 dentium

118 2919 290 2995 Prodire
317 2926 481 3014 norunt,
509 2920 655 3020 lingua
681 2921 754 2996 sed
781 2919 997 3022 impudens

173 3026 388 3103 Proomit
414 3027 585 3102 Immani
612 3033 775 3103 tumore

224 3130 551 3233 Antiphatisque
577 3134 766 3209 Imitatur
792 3133 909 3209 iram.

118 3273 320 3373 Indignor
345 3281 497 3367 autem,
528 3274 639 3375 quod
665 3274 797 3351 niveis
827 3274 955 3352 comis

118 3379 259 3455 Insani
288 3379 438 3456 amoris
465 3378 647 3457 febribus
677 3387 841 3457 aestuat

169 3487 225 3562 Et
250 3486 382 3587 turpis
410 3482 588 3588 impellit
613 3486 744 3564 libido

222 3591 443 3669 Femineos
472 3593 634 3693 agItare
661 3591 869 3670 rhombos.

117 3731 264 3808 Atrooi
291 3724 472 3810 habendi
499 3733 618 3834 plura
646 3734 839 3835 cupidine

115 3837 270 3914 Fervet
295 3845 482 3939 repostas
510 3839 620 3916 inter
647 3864 748 3942 opes
775 3841 907 3942 inops.

168 3942 354 4035 Diversa,
383 3969 449 4020 res
478 3952 543 4022 est
568 3945 684 4039 mira,
715 3946 811 4023 sede

226 4049 410 4127 Crimina
438 4051 548 4150 quod
576 4053 835 4128 stabulentur
862 4077 956 4129 una.

118 4189 269 4267 Curare
298 4217 435 4291 gazas,
463 4218 549 4269 non
577 4193 761 4269 animum
790 4194 905 4270 solet

115 4296 208 4389 Hic,
238 4296 307 4372 hio
336 4298 544 4392 colendus,
573 4325 625 4374 ne
653 4306 797 4400 pereat
823 4300 935 4400 prius

168 4402 350 4503 Torpore
378 4404 512 4497 inerti,
543 4429 666 4504 quam
695 4406 833 4482 silenti

220 4509 391 4609 Frigida
417 4513 605 4586 membra
631 4518 827 4612 tegantur
853 4536 967 4588 urna.
