3218 5144
181 268 200 324 3
722 258 939 315 claumuu

181 455 363 554 Quisque
400 456 512 531 domi
549 456 734 530 residens
768 463 880 530 artus
908 455 1024 531 fovet
1050 456 1148 555 igne
1176 463 1405 560 temperato

286 563 339 636 Et
366 559 555 660 fungitur
583 569 700 637 sueto
730 564 784 637 ad
811 562 949 636 focum
977 563 1130 639 labore.

182 670 407 745 Solvuntur
435 668 557 744 eitius
586 694 704 743 saera
732 694 914 761 munera,
943 669 1080 745 nullus
1108 671 1257 747 haeret
1284 673 1376 767 aris,

285 774 457 849 Devitat
483 800 608 850 aurae
639 775 812 874 quilibet
838 774 1029 851 furorem.

182 882 403 956 Certamen
431 881 558 956 veluti
588 883 685 956 dum
714 882 889 956 sumitur
917 889 960 957 et
987 882 1143 958 eadunt
1169 885 1356 984 manipli,

287 987 354 1061 Ad
383 988 557 1063 tutiores
588 988 808 1063 conferunt
833 988 999 1087 repulsa

181 1095 364 1192 Agmina
393 1119 437 1168 se
456 1102 603 1169 turres:
633 1095 869 1169 vehementi
888 1096 947 1170 ita
966 1119 1109 1195 pressa
1127 1099 1252 1173 turba
1266 1100 1404 1172 bruma

286 1200 476 1277 Festinat
504 1202 626 1276 aedes
656 1200 817 1299 ingredi
846 1203 1041 1276 calentes.

180 1308 298 1381 Nune
326 1314 439 1382 artus
469 1308 631 1407 tepidos
661 1307 770 1382 dulci
799 1309 919 1383 deest
946 1307 1117 1407 irrigare
1144 1308 1318 1385 Baccho

286 1414 340 1487 Et
367 1414 486 1489 triste
515 1421 678 1514 tempus
706 1413 899 1513 mitigare
928 1421 1041 1514 potu.

181 1520 298 1593 Nune
314 1520 482 1618 genium
502 1520 669 1619 placare
688 1546 801 1595 mero
822 1521 937 1596 iuvet
955 1528 1080 1620 atque
1100 1545 1241 1596 amore
1256 1523 1405 1599 blando

284 1627 434 1701 Lenire
462 1634 642 1702 maestos
670 1628 851 1725 pectoris
880 1628 1054 1702 labores.

179 1733 245 1805 Nil
276 1733 437 1807 differre
466 1734 579 1809 libet.
615 1734 727 1808 Mors
755 1733 922 1808 vellicat
949 1759 1107 1809 aurem:
1138 1732 1253 1808 abire
1284 1736 1410 1826 terris,

287 1838 391 1914 Cum
419 1840 556 1914 Parca
585 1850 745 1914 stamen
774 1847 946 1938 rumpet,
975 1841 1086 1914 haud
1114 1842 1321 1916 morabor.

180 1947 324 2019 Donec
352 1945 439 2020 fata
467 1946 605 2021 sinent
631 1972 706 2021 nos
735 1946 881 2035 vivere,
911 1954 1054 2022 sancto
1085 1952 1127 2020 et
1153 1947 1369 2023 innocenti

284 2051 443 2127 Ardore
471 2059 631 2128 mentes
661 2054 821 2126 imbuat
849 2053 1051 2152 voluptas

797 2758 837 2821 V.

419 2991 535 3066 NON
564 2990 846 3067 FIDENDUM
873 2991 1222 3071 PRINClPlBUS.

392 3220 524 3307 Quem
553 3219 684 3294 laetat
711 3219 813 3293 varii
843 3220 979 3318 gratia
1007 3221 1215 3323 principis,
1326 3239 1377 3294 fol.
1396 3238 1431 3292 2*-

392 3326 526 3412 Quem
554 3325 663 3400 fietis
694 3326 884 3399 dominus
913 3326 1021 3402 fallit
1050 3329 1259 3404 amoribus

444 3432 498 3505 Et
528 3456 622 3530 spes
653 3432 821 3507 credula
848 3433 963 3522 ludit,

497 3537 630 3613 Aulae
660 3539 757 3612 dum
785 3539 896 3613 nitor
924 3541 1112 3614 attrahit:

392 3698 423 3769 ll
433 3722 483 3772 eu
512 3722 636 3796 quam
665 3696 823 3771 difficili
851 3703 987 3773 tentat
1014 3699 1094 3773 iter
1122 3699 1205 3774 via!

392 3806 527 3890 Quam
555 3804 656 3903 pinu
685 3804 822 3901 fragili
851 3804 1049 3879 sollicitat
1078 3812 1208 3880 mare!

444 3910 580 4008 Nigris
609 3911 777 3985 horrida
803 3911 938 3984 ventis

498 4016 650 4092 Cernat
678 4017 839 4117 saepius
869 4041 1057 4117 aequora.

391 4174 471 4248 Vix
500 4182 651 4272 pacata
677 4176 778 4249 ratis
805 4176 930 4251 litora
959 4177 1122 4268 deserit,

390 4281 457 4354 nd
487 4306 634 4355 caecos
664 4282 856 4380 scopulos
886 4308 979 4357 eum
1007 4284 1116 4383 rapit
1144 4283 1309 4360 Africus

443 4388 495 4461 Et
524 4388 810 4485 spumantibus
840 4390 959 4463 undis

497 4493 743 4583 Quassatam
774 4495 893 4569 simul
923 4497 1063 4572 obicit.
