3164 5154
714 231 929 289 CARMINUM

296 431 439 508 Omnis
467 432 639 529 languet
666 455 773 529 ager,
801 428 912 505 subit

402 538 508 614 Cum
534 546 701 640 pastore
729 562 854 635 pecus
881 542 985 611 nota
1013 536 1165 611 cubilia

295 647 382 721 Nec
410 645 681 721 concentibus
710 667 809 718 aera

402 753 657 829 Demulcent
684 752 883 840 volucres,
913 757 1073 825 maesta
1101 749 1270 827 silentia
1408 808 1425 847 „

296 860 346 936 llt
373 883 566 958 campum
597 865 639 934 et
665 883 811 933 nemus
840 864 1055 956 occupant.

401 965 470 1042 Ad
498 991 586 1057 nos,
616 965 726 1055 Vita,
755 963 854 1053 redi,
883 988 937 1038 ne
966 963 1143 1064 perimat
1170 969 1264 1040 tuos
1467 939 1470 1066 l

294 1073 488 1149 incautos
517 1073 688 1148 nimium
717 1096 765 1145 ac
794 1071 914 1145 rudes
1468 1077 1470 1111 ³

401 1180 604 1256 Ludentis
633 1177 791 1277 species
820 1176 974 1252 blanda
1001 1175 1226 1277 Cupidinis,

294 1287 472 1384 Argenti
499 1287 637 1386 rapiat
662 1284 785 1375 nitor,

401 1395 531 1472 Vanis
560 1392 719 1468 alliciat
744 1415 897 1491 pompa
927 1389 1145 1467 coloribus.

294 1499 355 1576 At
380 1501 519 1576 nullae
547 1499 744 1576 lacrimae
773 1504 944 1573 movent

403 1608 489 1682 Nec
517 1607 669 1682 nostris
698 1605 887 1704 precibus
917 1603 1041 1696 cedis,
1072 1611 1119 1680 ut
1146 1604 1330 1681 abditum
1409 1659 1427 1697 n

296 1713 501 1790 Ostendes
530 1712 691 1788 miseris
720 1712 848 1787 iubar.

402 1821 587 1919 Neglexi,
616 1819 770 1896 fateor:
801 1844 924 1917 parce
951 1818 1157 1894 furoribus

293 1928 347 2001 Et
374 1925 521 2002 soedae
548 1924 821 2026 insipientiae.

402 2033 604 2109 Praesens
619 2033 700 2108 vile
714 2034 869 2107 bonum
884 2039 958 2125 est,
980 2034 1078 2108 dum
1097 2031 1259 2109 licitum
1273 2033 1356 2123 frui,
1411 2083 1429 2122 s

295 2141 459 2216 Absens
489 2140 723 2239 quaerimus
752 2140 884 2215 anxii:

401 2246 596 2322 Mortales
626 2246 787 2322 animos
814 2246 952 2322 lurida
980 2246 1139 2323 scilicet

293 2354 536 2452 Ignorantia
555 2355 721 2430 detinet

408 2461 512 2534 Dum
542 2461 613 2537 Sol
641 2486 845 2561 purpureo
874 2460 982 2536 ridet
1009 2462 1061 2536 ab
1091 2462 1269 2552 aethere,
1413 2509 1431 2548 n

296 2566 403 2658 Quid
433 2592 546 2642 serus
573 2569 700 2643 vehat
727 2569 947 2667 Hesperus

402 2674 533 2749 Nemo
564 2674 739 2750 sollicito
768 2674 969 2774 praecipit
992 2674 1145 2751 omine:

294 2780 376 2857 Vix
405 2781 621 2880 quisquam
648 2781 839 2857 meminit
866 2781 939 2856 sui.

401 2890 468 2962 Ad
495 2912 583 2979 nos,
613 2888 723 2978 Vita,
754 2888 840 2964 redi
869 2893 942 2962 aut
968 2886 1133 2963 vincula
1161 2885 1301 2980 disice,
1414 2933 1434 2975 ,ς

295 2993 411 3085 Quae
439 2995 557 3071 terris
585 2995 728 3094 procul
757 2995 943 3094 alligant,

402 3101 641 3177 Seiunctam
668 3102 800 3195 niveo,
829 3101 1001 3202 Sponse,
1030 3100 1233 3202 cupidine.

293 3207 447 3283 Divina
475 3233 643 3308 peream
669 3208 762 3285 face

402 3316 487 3390 Nec
514 3316 689 3415 posthac
716 3316 806 3391 aliis
835 3339 929 3390 urar
955 3316 1007 3390 ab
1037 3313 1227 3390 aestibus.
1416 3359 1436 3398 c

796 3758 846 3823 IV

298 3898 345 3974 D.
374 3898 601 3978 THOMAS
630 3901 871 4003 AQUINAS
901 3901 1103 3980 DOCTIS
1131 3899 1275 3979 VIRIS
1304 3902 1360 3979 IN

500 4026 797 4105 EXEMPLUM
825 4026 1170 4106 PROPOSITUS.

401 4184 648 4260 insanientis
678 4186 748 4285 qui
777 4187 1004 4286 sapientiae
1307 4201 1357 4258 fol.
1375 4202 1424 4258 aar·

401 4291 623 4367 Consultus
653 4317 774 4383 erras,
805 4294 874 4392 qui
895 4293 1053 4392 caperis
1074 4292 1254 4392 strophis

454 4399 598 4472 Mundi
625 4400 794 4492 ruentia,
825 4400 894 4498 qui
924 4401 1110 4476 dolosam

508 4505 716 4581 Sollicitus
744 4507 956 4583 meditaris
985 4508 1136 4599 aulam,
1421 4559 1432 4598 ⁴
