3164 5154
525 244 602 302 LIB.
619 245 642 303 Ι.
661 245 776 302 25-27.

176 447 235 525 Ut
262 446 323 520 sol
351 469 518 519 serenus
544 444 688 519 nubila
715 442 898 542 dissipat,

177 553 332 628 Tristes
362 552 522 627 dolores
550 550 704 651 gaudia-
730 550 889 626 lenient

230 659 430 736 Ventura:
461 683 553 759 spes
580 683 666 734 non
693 657 830 756 segnis
861 681 930 732 ore

283 765 434 841 Rideat
462 791 511 842 ao
540 764 701 840 minuat
730 763 923 840 laborem

584 1383 735 1451 XXVII.

329 1599 502 1677 LAESO
540 1598 657 1676 NON
691 1597 983 1691 FIDENDUM.

177 1814 330 1887 Dulces
359 1811 515 1887 amicos
542 1811 706 1886 laedere
734 1835 787 1885 ne
815 1811 917 1887 velis
1144 1825 1194 1880 fol.
1214 1827 1265 1883 73¹·

178 1920 315 1997 Verbo
343 1919 511 2018 procaci
537 1919 605 1993 vel
633 1917 757 1993 dubio
785 1917 893 1995 ioco:

231 2026 476 2101 Iniuriarum
505 2050 648 2100 sensus
677 2050 782 2116 acer,

284 2133 425 2207 Mente
452 2139 623 2207 manent
650 2130 771 2208 avida
797 2139 995 2232 repostae.
1270 2185 1282 2223 ⁴

178 2291 376 2368 Vindicta
403 2298 548 2392 pectus
577 2290 761 2367 concitat
789 2297 832 2367 et
860 2291 976 2367 dolor

178 2399 387 2475 Accendit
413 2399 517 2473 iram
545 2398 768 2473 visceribus
797 2404 974 2474 trucem:

231 2505 325 2585 Urit
354 2506 516 2606 cupido,
544 2504 712 2581 flamma
739 2505 878 2596 saevit

285 2613 396 2687 Dum
424 2618 644 2687 renovatur
671 2619 791 2687 atrox
817 2637 1033 2687 venenum.

180 2772 491 2871 Quemcumque
520 2772 579 2847 sic
608 2771 839 2862 offenderis,
868 2771 979 2846 haud
1006 2770 1089 2847 tuis

180 2878 334 2955 Credas
362 2878 545 2954 futurum
575 2878 737 2954 casibus
765 2878 924 2955 utilem:

232 2986 392 3061 Fallere
421 2986 608 3083 multum,
638 2985 845 3060 oblivione

286 3092 329 3168 Si
358 3094 508 3190 probra
536 3092 744 3168 censueris
772 3092 944 3192 sepulta.
1259 3140 1283 3179 12

182 3251 350 3328 Offensa
378 3251 563 3350 quamvis
593 3251 647 3326 sit
672 3251 787 3343 levis,
816 3251 928 3326 haud
956 3250 1079 3325 fidem

180 3358 416 3434 Praestabis
445 3383 655 3457 umquam;
692 3383 790 3432 nam
817 3358 1026 3460 propriam
1054 3357 1247 3434 aestimat

235 3466 432 3539 Inimiam
463 3464 594 3565 quivis
624 3467 814 3539 acerbam

287 3572 426 3671 Atque
454 3573 592 3647 animo
621 3570 793 3647 memori
821 3570 1021 3646 recondit.
1261 3620 1285 3660 a

182 3730 276 3805 Non
303 3730 504 3806 ultionem
533 3732 696 3807 differet
722 3732 795 3824 ira,
826 3730 895 3806 ubi

176 3836 454 3913 Occasionem
483 3837 725 3938 simplicitas
753 3846 826 3913 tua

235 3943 460 4020 Praebebit
486 3952 611 4044 atque
639 3969 791 4020 arcana
819 3944 952 4019 cordis

291 4049 472 4126 Consilio
500 4050 615 4127 fatuo
644 4052 840 4127 recludet.
