3164 5154
541 238 614 291 LlB.
634 237 655 292 I.
677 241 793 295 15-15.

239 436 355 509 Haec
386 436 515 526 dotes,
545 436 690 527 fateor,
720 437 891 535 virginis
920 463 1079 533 aureae,

241 540 341 631 Quis
370 542 562 643 adiunge,
592 544 703 631 licet,
734 569 856 621 cerea
882 547 1089 637 bracchia,

292 648 441 747 Nigros
470 651 627 726 vertice
656 651 790 725 crines

345 757 411 829 Ac
441 758 536 831 colli
564 757 732 832 niveum
762 758 899 832 decus

238 914 405 1003 Verum,
433 917 603 1007 Plance,
634 917 695 992 tui
722 916 882 1016 respice
908 918 1089 993 nominis

239 1022 303 1095 Ac
332 1020 468 1097 l'amae
495 1023 610 1099 vario
638 1031 825 1123 tempore
853 1023 1048 1122 gloriam:

292 1127 354 1202 Ne
383 1135 426 1203 te
455 1131 574 1205 trade
604 1129 797 1228 querelis3

344 1234 471 1309 Haud
500 1236 650 1334 dignae
677 1237 874 1312 lacrimae
901 1236 1002 1314 viro,

239 1391 280 1467 Si
312 1399 354 1467 te
384 1393 566 1470 deseruit
592 1395 750 1494 perfida
778 1397 980 1494 Tyndaris

239 1501 360 1575 Nullo
394 1502 506 1576 laeso
537 1504 699 1601 probro,
728 1527 832 1578 voce
860 1529 937 1579 nec
965 1504 1102 1580 unica:

292 1609 386 1683 Non
415 1609 595 1707 gaudere
623 1609 792 1698 iuvabit,

346 1715 494 1790 Grates
522 1715 694 1790 reddere
721 1716 894 1806 numini,

238 1874 356 1964 Quod
385 1899 471 1948 non
499 1875 681 1972 coniugii
709 1875 865 1951 tradita
893 1876 1071 1969 vincu10,

239 1979 359 2067 Quod
387 2005 472 2055 non
499 1989 701 2082 perpetuo
730 1980 895 2057 foedere
923 2008 1032 2059 nexa
1059 1984 1136 2058 sit?

291 2088 402 2162 Hinc
431 2088 609 2163 ludibria
636 2088 793 2164 formae

342 2194 469 2268 Disce
498 2219 547 2269 ac
576 2195 698 2270 sortis
726 2194 964 2292 imaginem.

241 2352 428 2428 Pellecta
456 2360 520 2428 est
547 2354 693 2429 mulier
720 2354 958 2429 muneribus
987 2355 1084 2429 tuis:

241 2460 296 2535 Ut
324 2459 451 2533 dones
480 2459 641 2549 iterum,
671 2461 754 2536 iam
784 2462 950 2536 simulet
977 2461 1129 2559 fugam.

291 2565 478 2640 Prudens
506 2574 635 2642 nauta
663 2568 840 2643 latentes

345 2673 542 2748 Declinat
570 2674 763 2774 scopulos
792 2674 929 2748 maris.

627 3255 703 3323 ΧΥ.

171 3467 460 3545 VOLUPTAT
465 3470 540 3544 EM
569 3470 642 3545 ΑΙ)
673 3471 900 3548 EXlTIUlll
930 3469 1157 3548 DUCERE.

238 3680 412 3755 incedes
441 3707 514 3781 per
540 3682 620 3755 iter
647 3681 816 3756 floribus
847 3690 889 3756 et
917 3683 1019 3757 rosis
1190 3695 1279 3752 folar

239 3786 426 3861 Stratum
455 3788 672 3887 purpureis
701 3814 778 3863 nec
808 3795 973 3864 teneros
1003 3789 1136 3864 latens

237 3894 388 3968 Laedit
418 3894 537 3992 spina
565 3895 691 3994 pedes
720 3921 798 3969 nee
826 3897 951 3969 rubus
979 3920 1125 3994 aspero

344 3999 473 4074 Altus
501 4002 652 4100 pungit
680 4003 835 4076 aculeo,

239 4160 418 4234 Ourrunt
445 4186 520 4260 per
547 4162 727 4235 medium
757 4161 929 4260 limpida
957 4161 1127 4237 flumina

236 4266 291 4340 Et
317 4266 467 4341 ludunt
494 4267 626 4343 niveis
654 4266 812 4366 fulgida
841 4268 1019 4343 arenulis

236 4370 299 4445 Ac
327 4372 437 4471 ripas
466 4374 586 4447 viridi
614 4375 802 4472 gramine
830 4375 1013 4450 vestiunt

344 4481 632 4578 Umbrantque
660 4481 875 4555 arboribus
905 4483 1048 4555 selum.
