3164 5154
510 261 584 317 LIB.
602 261 671 320 XII.
689 261 806 318 27-29.
1230 269 1294 328 463

229 465 371 539 Laeva
399 486 522 561 quem
549 458 717 537 fortuna
744 459 890 560 quatit,
919 459 1119 536 tumultus

229 569 370 646 Plebis
399 575 563 645 exercet
589 567 732 643 rabide
759 565 953 657 finentis3

230 677 331 753 Dira
357 680 579 776 paupertas
607 674 768 775 premit,
798 679 871 749 aut
897 672 1063 772 iniquae

335 782 475 881 Iurgia
502 781 606 858 litis:

232 941 355 1018 Ocius
385 966 429 1018 se
456 941 569 1018 tollit
595 942 734 1032 hume,
764 940 960 1039 relinquit

231 1049 430 1126 Lubricos
460 1073 628 1150 campos
658 1055 700 1123 et
728 1047 781 1122 ad
809 1053 921 1124 astra
947 1046 1083 1123 tendit

233 1155 418 1233 Concitis
447 1155 535 1247 alis,
564 1155 636 1231 ubi
663 1154 914 1254 sempiterna

338 1262 502 1340 Gaudia
527 1267 712 1363 pascunt.
1255 1312 1279 1352 a

232 1423 395 1499 Cuncta
420 1447 537 1498 mens
565 1421 716 1498 victrix
743 1419 951 1496 elementa
976 1445 1109 1520 supra,

231 1529 414 1606 Proterit
440 1530 584 1604 mundi
611 1528 772 1605 fatuum
799 1534 1026 1604 tumorem:

231 1636 360 1712 Ducit
385 1636 467 1711 huc
494 1660 702 1728 aerumna,
730 1633 923 1735 perennis
951 1636 1056 1711 haec
1084 1640 1147 1709 est

339 1743 488 1819 Calcar
514 1742 691 1819 honoris.
1256 1791 1284 1830 ,ο

583 2083 741 2091 ---..-..

284 2558 491 2638 ANIMUS
520 2558 745 2638 SALUTIS
774 2556 1015 2637 CUPIDUS.

230 2772 392 2848 Blanda
417 2772 587 2849 libertas
615 2771 717 2847 mihi
744 2777 861 2870 terga
889 2769 1022 2861 vertit,
1129 2784 1272 2841 fol.199··

232 2880 406 2955 Ferreae
435 2878 647 2978 stringunt
673 2877 867 2953 miserum
897 2883 1087 2953 catenae:

232 2986 405 3063 Detinet
431 2986 617 3061 vinctum
644 2985 834 3084 Babylon
863 2985 1040 3085 superba

341 3092 550 3193 Compede
579 3092 690 3167 dura.

232 3251 406 3342 Quando
435 3251 570 3328 felicis
597 3252 759 3353 patriae
787 3251 935 3326 videbo

233 3359 393 3436 Aureae
422 3365 554 3435 turres
583 3366 625 3434 et
652 3382 829 3435 amoena
855 3383 960 3450 rura,

229 3467 319 3541 Pax
347 3466 417 3542 ubi
446 3471 640 3543 constans
670 3474 713 3541 et
740 3465 874 3541 amica
902 3488 1064 3563 semper

336 3574 522 3649 Foedera
551 3573 723 3648 durant?

231 3733 311 3808 Hic
340 3733 506 3833 quidem
534 3732 686 3809 multos
715 3731 838 3807 dubio
868 3730 1017 3831 cupido

232 3840 376 3915 Allicit
402 3840 535 3915 vultu:
565 3839 725 3940 species
751 3844 950 3914 venustae

231 3948 353 4022 Hunc
381 3947 493 4048 capit
518 3947 676 4039 frontia
704 3945 833 4021 trahit
860 3944 940 4021 oris
966 3944 1082 4020 illurn

337 4054 525 4154 Purpura
552 4054 742 4132 mendax.

232 4216 366 4289 Fucus
396 4223 460 4290 est
485 4219 660 4305 tantum,
690 4215 808 4290 labor
835 4220 898 4291 est
925 4212 1071 4303 inanis,

232 4322 341 4400 Urbe
371 4320 479 4422 quod
507 4346 661 4420 magna
686 4321 905 4422 peregrina
929 4322 1049 4400 turba

231 4429 423 4505 Praestat
450 4435 573 4528 atque
601 4427 728 4503 audet
754 4429 923 4528 regione
951 4435 1042 4504 tcta

340 4536 445 4612 Cum
475 4535 577 4611 duce
606 4535 761 4634 vulgus.
