3164 5154
186 231 251 290 240

669 290 672 296 ,
718 226 924 284 snvraun

292 423 326 499 Ο
358 424 464 515 diva,
493 426 663 500 tandem
692 425 822 501 invise
852 425 1081 503 Germanos
1110 436 1221 522 tuos,

398 531 459 605 Ne
488 556 586 607 vera
615 532 831 608 dediscant
857 534 983 634 loqui,
1122 604 1124 608 a

292 638 353 712 Ne
383 637 518 713 forma
545 640 725 713 mendax
753 640 893 739 capiat
921 651 964 716 et
989 642 1127 718 inanis
1157 643 1283 733 nitor,

398 745 458 819 Ne
487 746 630 844 lingua
658 747 782 822 corde
812 748 1027 849 discrepet.
1404 804 1419 842 s

796 1259 839 1327 ΙΙ.

319 1437 644 1517 VATICINIUM
673 1439 743 1514 DE
771 1438 956 1518 TURCA
985 1442 1330 1524 EVERTENDO.

288 1618 473 1694 Obscura
501 1625 596 1691 sunt
623 1617 792 1692 oracula
820 1624 862 1692 et
888 1624 1005 1694 vates
1034 1621 1140 1695 sacri
1298 1637 1345 1693 foi
1363 1637 1416 1692 ros-

394 1724 545 1799 Sensus
573 1724 806 1800 recondunt
832 1725 1006 1817 nubilos,

288 1832 399 1923 Quos
429 1832 635 1930 explicare
663 1855 786 1906 nemo
814 1832 881 1906 vel
907 1833 1029 1931 pauci
1059 1845 1222 1933 queunt

394 1939 546 2014 Sancto
576 1937 751 2012 docente
781 1937 945 2036 Spiritu.

287 2046 395 2135 Quid
425 2070 521 2143 ergo
550 2045 710 2135 mirum,
741 2045 916 2143 plurima
944 2047 1142 2144 ambigua
1169 2051 1252 2125 fide

392 2153 562 2226 Nostras
592 2150 768 2249 Sibyllas
798 2152 945 2242 dicere,

284 2261 363 2337 Vel
391 2259 459 2357 qui
487 2257 624 2333 futura
651 2258 828 2333 siderum
856 2266 1026 2357 aspectu
1052 2269 1208 2359 putant

393 2366 445 2440 Se
474 2391 593 2464 posse
624 2366 938 2463 deprehendere.

285 2474 367 2548 Vix
394 2479 516 2546 natus
544 2472 587 2546 in
617 2472 830 2546 cunabulis
858 2473 986 2548 flebat
1012 2498 1124 2572 puer,

392 2579 471 2668 Qui
502 2578 662 2653 Galliae
689 2605 799 2652 nunc
827 2579 1013 2679 imperat,

284 2687 450 2761 Incerta
479 2712 569 2760 cum
600 2710 681 2759 vox
709 2710 850 2784 sparsa
878 2686 1007 2760 divini
1035 2685 1124 2778 fuit,

392 2792 466 2867 Cui
498 2801 539 2867 et
566 2798 714 2890 poetae
744 2793 986 2867 concinunt:

284 2901 379 2995 ,Qui
405 2901 521 2975 clade
542 2900 744 2973 Thracem
774 2907 937 2989 sternat,
967 2901 1076 2974 hunc
1095 2926 1238 3001 regem
1257 2903 1351 2996 fore,

389 3009 653 3104 Frangatque
681 3005 803 3081 lunae
833 3017 1015 3081 cornua.⁶

283 3114 382 3203 Quis
411 3114 606 3204 crederet,
637 3139 730 3186 curn
758 3112 924 3188 foedere
952 3138 1137 3189 annexus
1168 3115 1238 3190 diu

390 3222 484 3293 Dux
511 3222 694 3294 Francus
724 3228 832 3294 esset
859 3222 1045 3308 barbaro,

281 3328 465 3425 Uterque
495 3335 714 3401 conaretur
741 3327 1004 3401 Austriacam
1033 3327 1202 3404 domum

387 3435 535 3508 Delere
564 3434 661 3508 totis
690 3433 854 3523 viribus,

282 3540 368 3615 Soli
397 3549 443 3616 ut
471 3541 631 3638 potenti
661 3547 823 3639 sceptra
851 3547 1065 3639 gestarent
1092 3567 1229 3636 manu,

386 3647 550 3747 Reliqui
579 3649 795 3721 subessent
821 3647 1055 3746 principes?

280 3755 341 3828 Ex
368 3763 485 3853 parte
513 3755 595 3828 iam
623 3754 786 3828 videtur
813 3755 1029 3853 impletum
1056 3761 1210 3846 tamen,

385 3862 598 3961 Propheta
627 3862 736 3960 quod
763 3862 1043 3958 praedixerat3

279 3968 466 4042 Ventura
494 3969 592 4067 quid
620 3993 707 4042 sors
735 3968 938 4059 moliatur,
967 3992 1044 4042 nos
1071 3968 1191 4043 latet:

385 4076 563 4150 Necesse
591 4077 710 4174 plura
738 4076 946 4173 consequi.

281 4182 384 4258 Cum
412 4183 607 4257 Moschus
636 4184 772 4257 audax
800 4183 995 4258 Tartaros
1025 4183 1184 4275 caedat,
1215 4184 1303 4282 pari

384 4289 545 4364 Premit
572 4289 690 4363 ruina
717 4289 922 4364 Bistonas.

277 4396 398 4472 Hanc
427 4396 587 4471 Galliae
615 4422 688 4471 rex
715 4397 942 4471 Thracibus
972 4397 1131 4471 cladem
1159 4397 1282 4497 parit:

383 4504 569 4602 Regione
598 4502 775 4578 fecunda
804 4503 926 4596 exuit
