3164 5154
12 4644 133 4824 ι,

151 210 213 271 120

709 199 869 256 EPODON

254 400 323 477 Ad
350 408 463 477 astra
490 401 600 475 dulei
627 402 782 476 Paulus
811 400 975 500 eloquio
1003 408 1129 477 vooat

362 508 482 584 Cives
511 507 697 608 superbis
724 507 924 584 moribus:

253 615 428 690 Ridetur
454 622 528 690 aut
555 613 799 714 exploditur,
828 613 932 688 nulli
958 613 1071 705 libet,

360 721 476 811 Quae
503 721 660 811 suadet,
691 745 813 820 opere
840 720 1041 820 persequi.

255 827 432 904 Servivit
459 828 579 904 aulae
605 827 802 928 principis
831 827 999 903 Diocles
1030 827 1111 920 diu,

360 936 521 1010 Labore
550 933 704 1009 fractus
731 934 937 1033 improbo:

253 1039 312 1116 At
339 1041 409 1116 ubi
440 1048 630 1116 senectus
658 1043 845 1116 membra
873 1041 1077 1140 depressit
1103 1041 1256 1140 gravis,

360 1147 563 1222 Dimissus
594 1155 656 1223 est
684 1171 709 1222 a
735 1147 863 1245 regia,

252 1256 428 1355 Pauper,
458 1261 622 1331 vetusta
651 1254 869 1353 chlamyde
896 1252 965 1328 vix
993 1259 1106 1330 artus
1135 1261 1294 1353 tegens,

362 1361 439 1437 Siti
468 1360 618 1453 aridus,
647 1362 850 1459 languens
878 1358 999 1435 same.

255 1467 323 1544 Sic
352 1467 484 1543 saevit
512 1466 639 1542 animi
667 1492 829 1566 semper
856 1467 1010 1565 ingrati
1038 1467 1172 1542 scelus

360 1574 446 1649 Neo
475 1577 572 1649 orbe
601 1573 824 1672 quidquam
851 1573 1000 1649 notius.

253 1680 312 1755 At
340 1681 410 1780 qui
439 1706 628 1781 supremo
659 1680 793 1755 sidera
820 1680 993 1779 imperio
1020 1679 1143 1778 regis,

360 1788 452 1862 Hac
480 1789 573 1862 labe
601 1794 731 1862 terras
759 1788 900 1877 libera,

252 1894 400 1969 Peiore
429 1918 587 1970 nenos
617 1894 742 1968 simus
770 1894 939 1992 ingenio
968 1891 1075 1983 feris,

360 2003 518 2075 Fovere
547 2026 652 2099 quae
680 2001 849 2075 meritos
879 2001 1023 2075 solent.

736 2493 837 2559 VHI.

466 2691 617 2768 FIDES
645 2691 702 2767 lN
730 2691 923 2768 TERRIS
953 2692 1110 2770 RARA.

255 2868 288 2945 Ο
318 2894 471 2967 magna
498 2870 633 2967 proles
660 2868 798 2942 Patris
827 2869 984 2943 aeterni
1011 2869 1147 2963 Fides,
1276 2883 1324 2939 fol
1340 2883 1383 2939 53*-

358 2976 559 3050 Perennis
586 2972 789 3049 Astraeae
819 3000 968 3066 comeo,

253 3081 428 3157 Telluris
455 3083 610 3157 almum
639 3081 749 3156 sidus
779 3088 821 3155 et
849 3082 953 3157 caeli
981 3083 1110 3175 iubar,

361 3189 513 3264 Severa
542 3195 679 3262 eustos
708 3186 920 3263 foederum

252 3296 305 3369 Et
334 3302 478 3369 saneta
506 3295 603 3369 iuris
631 3320 777 3369 norma
806 3295 979 3386 iurandi,
1009 3301 1136 3373 tenax

361 3402 480 3477 Orbis
508 3401 665 3477 ruentis
693 3402 915 3493 vinculum,

254 3508 345 3598 Qua
374 3508 470 3584 sede
499 3507 705 3584 delitescis
734 3514 807 3582 aut
833 3508 976 3583 mundi
1003 3508 1153 3609 plaga?

361 3614 450 3705 Quo
479 3622 521 3690 te
548 3614 754 3714 requiram
781 3615 971 3690 tramite?

251 3722 410 3797 Forsan
437 3728 628 3822 perustae
657 3720 752 3796 solis
781 3722 946 3796 assidua
974 3721 1065 3796 faoe

357 3827 509 3927 Libyes
536 3829 716 3903 harenae
746 3828 957 3904 detinent?

251 3934 433 4009 Imbellis
462 3934 588 4010 Asiae
616 3935 738 4010 litora
767 3943 839 4010 aut
868 3961 1035 4034 campos
1065 3936 1195 4012 eolis?

359 4041 635 4117 Garamantas
666 4047 738 4116 aut
765 4041 890 4117 Indos
919 4046 1085 4141 petam?

252 4146 544 4248 Quaecumque
570 4149 740 4224 tandem
759 4149 802 4222 in
825 4157 973 4247 tesqua
991 4151 1057 4225 vel
1076 4150 1200 4225 silvas
1220 4151 1320 4243 abio,

359 4254 480 4354 (Nam
510 4256 620 4330 celsa
647 4256 753 4330 vitas
786 4255 964 4348 moenia,

253 4360 330 4438 Ubi
359 4361 449 4437 rixa
477 4361 618 4462 turpis,
648 4362 783 4461 iurgia
812 4369 854 4437 et
880 4361 1044 4437 fraudes
1071 4362 1229 4465 vigent)

357 4468 548 4567 Vestigia
575 4469 804 4569 intrepidus
833 4495 992 4568 sequor.
