3164 5154
548 247 622 304 LIB.
642 249 691 304 VI.
710 251 790 306 7-9.

640 463 706 528 ΙΧ.

348 594 621 702 rsuroms
650 624 986 706 uucuucrus.

188 802 317 878 Recte
346 801 436 901 quis
464 800 526 875 uti
554 801 820 901 temporibus,
851 803 917 880 die
1145 820 1198 877 fol.
1218 823 1291 878 120*-

187 909 314 984 Novit
340 909 407 984 vel
432 908 563 984 hora?
593 908 683 1008 quis
710 910 889 1009 pretium
917 911 977 987 rei

239 1015 368 1091 Ponit
393 1015 549 1107 fluenti,
580 1040 686 1114 quae
714 1017 865 1092 reverti

292 1123 432 1222 Lapsa
460 1123 588 1198 semel
615 1123 760 1224 nequit
788 1131 860 1200 aut
887 1125 1064 1201 reduci?

185 1282 340 1358 Niteris
370 1282 447 1358 etsi
474 1283 628 1357 viribus
658 1283 859 1376 omnibus,

184 1390 398 1465 Momenta
426 1415 546 1464 cursu
573 1389 792 1490 praecipiti
821 1398 957 1484 ruunt,

238 1496 383 1573 Ventis
413 1503 456 1572 et
482 1495 632 1572 infesta
659 1497 840 1596 procella

293 1601 416 1678 Ocius
444 1628 494 1678 ao
523 1603 648 1679 celeri
677 1603 843 1703 sagitta.

184 1763 361 1839 Torrens
390 1762 589 1839 adauctus
617 1762 747 1838 fertur
774 1764 846 1838 ubi
875 1764 1087 1856 imbribus,

185 1869 307 1963 Saxa,
338 1895 446 1958 arva
477 1869 600 1944 silvas
628 1870 782 1970 abripit
810 1870 983 1971 impetu:

237 1977 307 2054 Sic
337 1984 487 2053 cuncta
515 2002 654 2052 secum
683 1977 795 2053 tollit
822 2003 981 2070 aevum,

290 2084 506 2185 Perpetuis
535 2084 716 2159 tenebris
743 2085 942 2160 recondit.

181 2246 276 2319 Non
304 2252 467 2345 sceptra
494 2251 664 2335 motum,
694 2270 779 2319 non
808 2244 1045 2322 diademata

182 2351 364 2428 Possunt
391 2352 543 2427 morari
571 2377 649 2425 neo
678 2351 825 2449 Tyrius
854 2355 993 2427 rubor:

236 2459 412 2536 Mortale
441 2484 600 2559 corpus,
630 2458 736 2533 sieut
764 2459 875 2532 unda

288 2566 338 2640 Iu
365 2590 490 2658 mare,
520 2566 579 2640 sic
608 2565 720 2641 cadit
748 2565 791 2639 in
820 2566 1061 2664 sepulcrum.

182 2724 266 2801 Sed
293 2751 409 2801 mens
437 2727 582 2801 beatos
612 2727 665 2801 ad
693 2750 864 2826 superos
892 2725 1008 2816 redit

180 2832 372 2909 Festinat
401 2834 537 2909 aulam
568 2835 765 2908 scandere
795 2832 987 2925 siderum,

236 2939 280 3015 Si
308 2939 433 3015 noxia
461 2940 574 3014 nulla
602 2940 774 3039 impiata

289 3044 377 3123 Aut
405 3047 571 3123 sceleris
600 3073 671 3122 rea
699 3047 753 3121 sit
781 3047 952 3122 cruenti.

180 3207 301 3281 Nunc
331 3206 527 3299 eluamus,
558 3208 656 3282 dum
685 3206 784 3282 sinit
812 3207 965 3281 arbiter

180 3312 304 3388 Vitae
332 3338 558 3412 supremus,
590 3314 762 3389 crimina
790 3339 862 3388 seu
891 3313 1019 3405 dolos,

233 3419 408 3495 Patrata
436 3446 541 3521 quae
572 3428 669 3497 sunt
697 3446 722 3495 a
749 3421 918 3495 iuventa

286 3525 354 3600 Ad
381 3527 524 3603 niveos
554 3528 658 3603 senii
688 3527 872 3627 capillos.

177 3687 272 3762 Non
299 3687 580 3785 neglegamus,
612 3713 716 3786 quae
745 3688 855 3779 data,
884 3692 1074 3784 tempora

179 3793 334 3870 Somno
364 3801 437 3868 aut
463 3794 577 3869 inani
607 3794 893 3885 sollicitudine,

231 3899 434 3976 Praesens
464 3902 561 4001 quid
589 3909 704 3977 aetas
732 3907 888 4000 poscat,
919 3899 1028 3975 orbis

287 4007 395 4098 Quid
424 4008 586 4109 trepido
617 4009 728 4083 oieat
756 4009 946 4083 tumultu.

176 4169 356 4246 Utamur
385 4168 505 4260 horis,
535 4170 633 4243 dum
661 4169 768 4261 licet,
798 4166 948 4241 aureis:

176 4277 322 4351 Errore
350 4277 520 4351 tandem
548 4277 678 4350 libera
706 4282 874 4374 pectora

230 4384 521 4475 Praestemus;
552 4384 823 4458 extendamus
853 4381 950 4472 alas,

285 4490 375 4580 Quo
404 4498 529 4566 vocat
556 4492 642 4565 alta
670 4489 808 4564 Patris
836 4489 1040 4562 voluntas.
