3164 5154
704 235 920 294 CARMINUM

325 436 482 513 Maiore
509 436 627 535 regni
654 441 773 538 parte
799 435 877 511 luit
902 435 1021 511 nefas

326 542 366 620 A
395 569 439 620 se
465 542 644 619 revulsi?
674 541 894 642 Sanguinis
923 567 978 618 an
1004 549 1148 619 tamen

379 651 447 727 Nil
474 648 610 726 fervor
637 648 773 725 ausit?
800 649 887 724 tela
912 647 1059 741 vibret,

434 755 660 832 Consilium
687 754 872 856 patribus
899 755 1117 857 relinquat.

327 917 384 995 Ut
410 916 504 1015 lego
533 922 728 992 constant
757 914 897 991 omnia
924 915 1116 1009 siderurn

328 1021 397 1098 Sic
425 1027 525 1122 apta
553 1021 715 1097 eaelum
742 1046 915 1097 munera
943 1021 1116 1099 cuilibet

380 1125 581 1226 Assignat
609 1127 748 1203 aetati.
806 1129 993 1229 Recepta

435 1231 506 1308 An
532 1233 658 1310 liceat
683 1239 887 1310 temerare
915 1234 1034 1310 iura?

784 1723 827 1788 V.

477 1886 551 1963 AD
581 1885 836 1964 SPIRITUM
862 1884 1135 1965 SANCTUM.

328 2045 527 2124 Caelestis
555 2046 716 2146 hospes,
747 2045 922 2147 Spiritus
950 2045 1105 2139 inclite,
1295 2060 1343 2116 fol.
1360 2059 1402 2114 so·

326 2153 365 2228 A
394 2153 519 2228 Patre
548 2152 707 2242 missus,
737 2151 917 2228 fervidus
945 2154 1026 2228 huo
1056 2153 1178 2229 ades:

379 2258 574 2336 Aooende
602 2258 772 2334 flamma
797 2263 955 2358 pectus,
985 2258 1126 2359 ignem

432 2366 572 2440 Insere
600 2364 823 2440 visceribus
851 2388 1087 2464 perennem,

328 2525 418 2616 Quo
449 2532 600 2601 cuneta
628 2549 820 2625 spernam
848 2523 1047 2600 sideribus
1074 2526 1221 2627 prooul

327 2630 534 2723 seiuncta,
565 2630 763 2730 quidquid
791 2635 902 2706 terra
929 2630 1036 2730 gerit
1064 2629 1157 2707 sinu

379 2736 467 2813 Aut
494 2737 607 2812 unda
633 2736 768 2836 ponti:
797 2737 886 2812 sola
914 2736 1078 2838 Olympi

435 2842 598 2919 Gaudia
625 2843 850 2919 sollicitent
878 2843 1096 2920 calentem.

325 3002 500 3077 Mortale
528 3026 613 3077 non
642 3006 714 3094 est,
743 3007 842 3078 vota
870 3003 979 3103 quod
1007 3003 1216 3079 ambiunt:

324 3110 442 3183 Mens
471 3116 565 3183 usta
593 3107 742 3206 flagret
769 3115 968 3208 perpetua
994 3108 1099 3185 face.

379 3213 588 3316 Quidquid
617 3213 818 3290 caducum
844 3222 1073 3316 respuatur:

433 3322 641 3420 Tempora
667 3319 837 3396 floribus
866 3321 1086 3398 aeviternis

327 3479 481 3579 Cingar
507 3482 666 3555 beatus.
723 3480 817 3556 Non
845 3479 1017 3556 viridem
1044 3480 1147 3556 mihi

324 3587 515 3686 Deposeo
544 3585 717 3678 laurum,
749 3586 1005 3662 Castalidum
1033 3587 1170 3680 decus,

378 3694 471 3768 Non
500 3698 664 3792 sceptra
692 3692 814 3784 Medi,
843 3718 929 3769 non
958 3717 1163 3793 coronam,

432 3799 528 3873 Non
554 3799 720 3874 niveam
749 3799 875 3900 capiti
903 3800 1066 3876 tiaram.

325 3959 389 4032 Tu
416 3957 471 4033 sis
498 3957 701 4058 voluptas,
731 3958 904 4035 delieiae
931 3984 1061 4053 meae,

327 4064 547 4157 Solarium,
578 4089 683 4166 spes,
713 4065 856 4165 gloria,
885 4064 1126 4166 praemium,

379 4173 443 4247 Tu
471 4176 614 4247 nostra
640 4172 810 4248 tandem
839 4178 968 4248 meta:
996 4173 1134 4248 vivam

432 4279 487 4354 Et
513 4278 665 4354 moriar
691 4284 763 4354 tuo
792 4303 932 4355 amore
959 4277 1068 4354 felix.
