3164 5154
568 199 569 203 '
705 227 910 282 smvnnuu

761 529 858 594 XIV.

332 746 388 821 IN
417 744 762 822 MELANDRUM
789 744 1023 822 VENERIS
1052 745 1294 824 SERVUM.

1291 867 1342 924 fol
1360 868 1423 924 113¹·

221 958 338 1050 Quae
365 955 471 1032 ratio
502 955 629 1056 (furor
656 955 732 1056 est)
762 955 876 1056 cogit
904 957 1074 1049 saevire,
1104 958 1353 1037 Melander?

327 1063 525 1142 Vindicta
552 1069 698 1163 peetus
728 1063 923 1139 eoncitat.

223 1171 305 1262 Qui
334 1195 498 1247 suasere
527 1169 604 1244 tibi
630 1169 742 1246 vitae
770 1170 951 1246 melioris
981 1195 1180 1263 amorem,

328 1276 540 1378 Discerpis
567 1283 616 1352 ut
641 1277 807 1352 rabidus
836 1278 950 1353 oanis

222 1384 310 1461 Aut
338 1385 491 1460 Getula
519 1382 629 1460 fame
659 1384 897 1460 stimulante
925 1385 1081 1468 leaena,
1109 1387 1283 1462 tenellis

328 1493 438 1566 Dum
468 1492 633 1589 quaerit
660 1516 795 1567 eseam
824 1491 988 1567 fetibus.
1066 1568 1072 1578 ,

223 1599 356 1691 Quam
386 1598 440 1673 sit
466 1605 585 1696 turpe
613 1596 743 1688 nefas,
771 1599 908 1699 potius
936 1599 1152 1698 meditare,
1181 1600 1313 1677 libido

328 1706 383 1780 Et
411 1729 534 1803 quam
561 1729 769 1779 venenum
796 1706 1018 1806 putridum.

223 1812 423 1888 Exhaurit
449 1811 568 1901 vires,
598 1812 782 1886 animum
811 1837 974 1912 quoque
1001 1822 1256 1913 praegravat
1283 1839 1365 1889 una

329 1922 383 1994 Et
411 1918 600 2018 spiritum
628 1919 791 2018 adfligit
820 1921 920 1994 sole.

223 2027 316 2102 Non
346 2026 490 2117 oerum,
519 2025 664 2125 populi
693 2051 798 2124 quae
827 2026 911 2102 sint
937 2025 1127 2117 ludibria,
1160 2053 1257 2102 oum
1286 2035 1328 2104 te

330 2132 522 2207 Transire
549 2158 623 2231 per
650 2132 785 2208 forum
815 2133 953 2208 videt?

222 2243 523 2317 Demonstrant
549 2239 665 2337 pueri
696 2239 825 2338 digito
854 2240 1080 2339 niveaeque
1108 2240 1289 2340 puellae:

329 2346 502 2421 Hiroum
530 2346 710 2421 salacem
738 2347 968 2423 nominant.

223 2456 273 2530 In
301 2454 506 2531 Venerem
534 2453 662 2527 veluti
690 2459 832 2528 taurus
860 2454 956 2546 ruis,
985 2453 1174 2554 improbe
1206 2454 1376 2532 duetor:

331 2558 441 2650 Quid
467 2559 621 2634 milites
649 2559 796 2636 dieunt
822 2561 906 2637 tui?

225 2669 305 2758 ,Da
332 2691 533 2756 nummos,
565 2691 666 2766 quos
696 2668 872 2742 effimdis
901 2668 961 2743 sio
988 2663 1191 2766 nequiter,
1224 2693 1379 2758 aurum,

331 2772 421 2864 Quo
452 2780 567 2849 easta
594 2773 718 2848 solvis
747 2773 926 2851 foedera.

225 2880 417 2980 Coniugii
445 2881 652 2955 thalamos
681 2887 875 2979 penetras
903 2888 1130 2957 nocturnus
1158 2881 1324 2958 adulter

330 2989 383 3062 Et
410 2987 569 3062 nobiles
598 2986 741 3062 foedas
770 3014 908 3064 nurus.

224 3096 457 3194 Argentum
477 3100 662 3170 nostrum
684 3100 747 3170 est
767 3120 816 3170 ao
834 3102 978 3171 nostra
996 3094 1185 3194 pecunia,
1213 3119 1340 3194 quam
1358 3101 1397 3170 tu

331 3201 527 3277 Absumis
555 3201 710 3276 insanis
738 3202 908 3301 probris.

224 3309 449 3408 Imperium
478 3332 603 3407 quare
631 3308 812 3407 patimur
838 3334 916 3384 nee
944 3306 1127 3384 tollimus
1157 3310 1257 3384 orbe

331 3416 562 3489 Monstrum
590 3414 810 3514 profanum
839 3423 963 3515 atque
992 3413 1209 3514 impium?‘

222 3523 405 3598 Territus
434 3520 498 3596 his
526 3520 619 3595 miti
650 3523 858 3598 clamabat
886 3521 1067 3622 ‘parcite'
1095 3545 1211 3612 voce,

329 3627 669 3719 ‘Commilitones
698 3629 867 3728 parcite.

223 3734 338 3826 Quae
367 3734 518 3810 frustra
546 3736 690 3835 sparsi,
721 3736 837 3811 vobis
867 3761 917 3811 ea
945 3741 1098 3811 cuneta
1124 3733 1342 3810 refundam

327 3844 383 3918 Et
409 3843 528 3941 plura
557 3841 666 3917 dona
693 3843 869 3941 largiar?
1185 3932 1186 3940 ἵ
1403 3870 1424 3909 a

222 3950 419 4025 Placatus
446 3949 565 4024 miles
592 3948 653 4023 nil
680 3956 845 4050 praeter
872 3951 997 4025 verba
1024 3948 1203 4048 recepit:

329 4058 426 4130 Dux
454 4056 684 4156 Cypridem‚
712 4064 759 4132 ut
786 4057 907 4158 prius,
935 4055 1046 4132 oolit.

222 4162 282 4239 At
310 4164 409 4238 deus
438 4163 569 4238 atroci
596 4165 765 4239 vexavit
792 4166 978 4239 membra
1006 4162 1162 4237 dolore:

329 4271 588 4371 Resipisoere
616 4272 728 4368 haud
756 4271 914 4370 placuit
942 4275 1095 4346 tamen.
1404 4293 1424 4334 s
