3164 5154
700 226 904 283 SILVARUM

381 427 437 502 Ut
464 424 563 499 ratis
593 449 737 500 secura
766 431 879 500 secat
905 424 1167 524 protundum,

380 532 515 622 Quam
542 557 688 607 manus
718 530 856 607 divina
883 531 991 631 regit
1009 558 1083 632 per
1102 535 1238 608 undas

379 638 581 713 Lubrieae
610 638 733 730 vitae,
764 638 902 714 stabili
932 639 1116 738 quietam

485 744 625 820 Litore
654 745 822 821 sistens!

380 907 453 979 Est
479 904 583 979 nihil
612 911 759 995 tutum,
789 904 867 978 nisi
898 906 1035 979 firmet
1063 913 1210 983 auctor

380 1011 581 1102 Siderum,
610 1037 721 1087 nexu
749 1011 898 1110 religet
924 1013 1086 1112 potenti

380 1119 524 1210 Omne,
556 1118 665 1218 quud
693 1118 806 1209 feeit,
836 1124 979 1194 teneat
1006 1126 1197 1195 ruentem

487 1225 683 1301 Cladibus
713 1227 865 1301 orbem.

379 1384 530 1460 Mentis
559 1385 640 1460 hue
667 1391 755 1460 toto
783 1410 959 1484 propera
987 1387 1137 1478 calore,

381 1491 575 1590 Quisquis
605 1498 721 1567 aestu
751 1491 910 1566 difficili
938 1492 1116 1583 laboras,

380 1598 607 1698 Languidis
637 1599 742 1673 euris
771 1600 982 1697 premeris:
1013 1600 1171 1699 pericla

489 1705 651 1782 Cuncta
678 1705 867 1782 resolves.

786 2310 827 2374 V.

339 2523 597 2600 MODESTE
626 2523 742 2602 CUM
770 2524 959 2602 SERVIS
988 2523 1263 2603 AGENDUM.

379 2736 516 2812 Uteris
545 2736 683 2828 servis
715 2735 939 2836 Cleoph0n‚
969 2740 1130 2830 acerbe,
1274 2747 1314 2802 fol.
1328 2744 1373 2800 155¹·

379 2844 574 2943 Increpas
604 2845 702 2917 dure
730 2843 891 2918 ratione
919 2845 1051 2918 nulla:

379 2951 629 3024 Innocentes
657 2951 893 3025 verberibus
922 2950 1104 3043 lacessis

487 3057 621 3132 Saeva
649 3057 829 3131 minaris.

379 3217 564 3291 Aedibus
594 3217 713 3314 pellis
742 3217 932 3291 timidum
960 3218 1229 3315 Lysandrum,

379 3322 567 3397 Parentis
596 3324 681 3398 telo
710 3322 904 3398 miserum
933 3325 1178 3414 Menalcam,

380 3429 555 3505 Concita
583 3431 677 3528 figis
705 3429 900 3528 fugientis
929 3431 984 3505 Iri

486 3538 622 3635 Terga
650 3537 815 3635 sagitta.
944 3562 947 3569 ·

380 3696 549 3795 Stipites
578 3722 721 3771 censes
749 3695 922 3771 famulos
952 3697 1017 3771 vel
1045 3697 1167 3771 undis

380 3805 521 3878 Editus
551 3804 668 3903 ponti
698 3805 900 3901 scopulos,
931 3803 1084 3878 recisas

378 3911 588 3986 Montibus
618 3936 801 4010 quereus,
833 3910 966 3984 calido
996 3917 1184 3985 carentes

487 4016 696 4115 Sanguine
726 4020 919 4091 trunces?
1362 4046 1377 4086 1

380 4178 528 4252 Servus
558 4202 696 4252 armon
726 4201 854 4274 aeque
884 4202 986 4275 opus
1015 4183 1078 4252 est
1106 4174 1276 4276 supremi

380 4283 579 4374 Numinis,
610 4284 798 4358 caelestis
828 4284 965 4381 imago
995 4283 1135 4383 patris,

381 4391 562 4466 Artubus
593 4397 798 4477 constans,
829 4389 966 4464 animo
995 4390 1115 4479 virili,

486 4499 624 4596 Atque
655 4524 745 4572 erus
774 4499 886 4597 ipse?
