3164 5154
702 216 908 274 SILVARUM

329 416 455 516 Regis
483 417 563 492 hoo
591 424 734 492 votum
763 416 961 516 sapientis
990 414 1099 507 olim,

328 524 422 599 Non
451 529 680 623 egestatem
707 548 785 599 nec
815 547 915 622 opes
942 521 1143 621 petentis:

331 630 524 730 Quisquis
552 630 616 705 his
644 637 761 730 paret
788 629 967 721 monitis,
997 632 1145 706 beatus

437 736 637 814 Omnibus
665 737 786 812 horis.

723 1039 881 1047 ———

755 1299 856 1364 XXI.

234 1497 308 1574 AD
339 1495 644 1575 CANDIDUM:
683 1496 971 1574 VITANDAM
999 1495 1125 1572 ESSE
1152 1494 1369 1573 TURBAM

518 1620 739 1699 ARCANA
767 1618 1088 1698 SCRUTANTI.

327 1833 372 1908 Si
402 1840 562 1909 secreta
591 1832 668 1926 dei,
700 1832 894 1925 Candide,
924 1833 1081 1908 discere
1298 1846 1345 1901 fol.
1362 1847 1409 1902 rs·

328 1938 451 2015 Ortus
482 1947 524 2014 et
552 1941 687 2015 obitus
715 1965 888 2015 noscere
917 1939 1094 2016 siderum

387 2047 543 2122 Suadet
571 2054 715 2122 sancta
744 2047 892 2147 cupido

439 2154 794 2254 Sphaerarumque
822 2153 1048 2229 volumina:

331 2312 487 2390 Urbani
517 2313 733 2413 strepitum
763 2312 947 2412 defugies
976 2311 1053 2389 fori

331 2421 628 2519 Secessumque
656 2427 784 2521 peteS,
813 2421 962 2495 certius
990 2428 1037 2496 ut
1064 2446 1183 2497 saera

384 2527 523 2602 Possis
552 2529 642 2602 luee
671 2527 806 2628 potiri,

439 2633 553 2709 Caeli
581 2634 748 2709 liberius
777 2633 868 2708 frui.

328 2793 423 2868 Non
450 2794 581 2868 turbis
610 2794 764 2893 populi,
793 2794 972 2868 turribus
1000 2801 1073 2869 aut
1100 2794 1252 2871 ducum

328 2899 435 2976 Mosi
465 2901 707 2999 magnificis),
737 2908 878 2975 monte
907 2901 979 2975 sed
1008 2902 1099 2977 avio

385 3006 488 3081 Cum
517 3014 674 3083 rectore
703 3007 897 3107 loquendi

436 3114 624 3189 Libertas
653 3140 843 3214 superum
869 3112 958 3189 fuit.

329 3272 422 3348 Non
451 3280 563 3349 tecto
593 3274 773 3349 isacides
802 3273 990 3349 conditus
1019 3299 1141 3348 aureo

331 3379 531 3456 Luctatus
559 3381 680 3456 niveo
710 3407 804 3455 curn
832 3381 956 3480 genio
984 3379 1074 3473 fuit,

386 3487 540 3563 Verum
567 3513 660 3562 rure
687 3487 848 3587 patenti

436 3595 489 3669 Et
517 3595 637 3669 laetis
665 3619 877 3670 nemorum
909 3593 1048 3669 cornis.

332 3753 465 3842 Quam
494 3754 656 3828 blandis
682 3754 796 3853 regio
825 3761 969 3830 nostra
996 3753 1232 3846 recessibus,

334 3860 447 3949 Quot
475 3860 585 3936 silvis
614 3861 766 3952 tac-itis,
796 3859 978 3937 fontibus
1008 3861 1181 3937 eminet!

383 3967 476 4041 Huc
503 3974 555 4058 te,
585 3967 779 4058 Candide,
808 3967 950 4044 confer

436 4075 489 4149 Et
516 4074 607 4149 vive
636 4075 804 4151 arbitrio
833 4075 929 4176 poli.
