3164 5154
590 205 665 260 LIB.
684 205 707 260 1.
726 205 842 261 24-26.

243 403 440 481 Attamen
477 404 594 504 coepi
632 428 826 479 revocare
862 406 987 478 robur

239 514 294 587 Et
329 512 430 586 fides
467 511 559 586 lusu
596 510 750 585 resides
783 534 957 585 novare:

242 619 286 695 Si
321 620 460 719 placet
491 617 607 710 divio,
647 617 831 692 citharae
867 617 1020 691 redibit

346 724 528 800 Pristina
564 724 704 799 virtus.

659 1233 793 1299 XXVI.

247 1398 456 1476 PAUPER
483 1396 772 1476 MELIORUM
799 1396 1191 1475 VITUPERATOR.

241 1575 355 1667 Quae
392 1578 542 1675 probra
568 1576 693 1675 vulgo
733 1573 892 1675 spargis
923 1573 967 1648 in
1006 1575 1196 1675 optimos,
1213 1588 1264 1644 for
1285 1589 1338 1645 11*-

238 1683 404 1782 Pauper
438 1681 676 1758 Melander?
716 1707 795 1780 quo
834 1682 919 1756 sale
956 1679 1125 1757 refricas

292 1790 450 1866 Ductos
488 1789 731 1864 cicatrices?
770 1812 969 1864 amoenae

344 1896 528 1972 Vulnera
565 1920 637 1970 cur
673 1894 824 1996 repetis
862 1894 1092 1969 iuventae?
1336 1909 1350 1948 ⁴

240 2055 438 2147 Quisnam
467 2061 541 2147 est,
576 2055 719 2130 diebus
749 2055 817 2154 qui
846 2054 955 2154 sapit
983 2056 1199 2131 omnibus?

238 2162 391 2238 Aetate
426 2162 510 2237 labi
547 2187 649 2236 num
677 2169 821 2237 tenera
858 2185 984 2259 grave

293 2268 458 2344 Crimen
495 2268 684 2343 videtur?
722 2268 821 2343 flore
852 2267 1009 2343 Bacchi

344 2375 570 2452 Incaluisse
608 2375 663 2450 sit
700 2399 811 2450 error
846 2375 1022 2473 ingens?

238 2536 295 2614 Ut
331 2559 436 2635 quae
472 2534 659 2633 rigantur
694 2540 814 2634 prata
840 2534 1090 2633 perennibus

238 2641 368 2720 Undis
404 2641 553 2716 virenti
589 2640 777 2741 gramine
809 2664 852 2714 se
889 2639 1088 2716 induunt:

291 2748 360 2824 Sic
396 2747 592 2847 languido
630 2747 737 2822 vires
774 2745 1009 2847 frequenter

343 2853 517 2953 Ingenio
554 2854 745 2930 Bromius
782 2854 1000 2928 ministrat.

237 3014 323 3089 Nec
360 3038 461 3113 quas
501 3014 702 3089 dederunt
739 3013 903 3089 divitias
940 3038 1078 3101 manu,

237 3120 333 3195 Divi
370 3121 562 3220 benigna,
601 3121 823 3219 concoquis
862 3127 934 3195 aut
970 3124 1132 3220 probae,

289 3227 400 3302 Dum
437 3227 560 3303 foeda
595 3237 818 3327 paupertas
855 3227 1029 3303 molesto

343 3336 403 3409 Te
439 3334 590 3435 premit
627 3340 751 3432 atque
789 3341 934 3408 onerat
969 3334 1160 3409 tumultu.
1324 3366 1351 3407 u

237 3494 407 3570 Vultum
443 3493 618 3594 pudicae
655 3492 825 3592 virginis
858 3494 996 3593 arguis

236 3599 375 3699 Atque
413 3624 486 3676 ora
514 3600 686 3676 damnas
713 3600 922 3699 nequitiae
964 3601 1199 3701 improbae:

290 3707 359 3783 Sic
394 3707 637 3783 innocentes
670 3706 767 3781 dum
804 3707 984 3799 lacessis,

341 3813 519 3890 Insidias
555 3813 633 3889 tibi
666 3813 928 3890 machinaris.

236 3972 424 4048 Thersite
463 3999 557 4049 cum
592 3996 679 4047 non
717 3972 771 4048 sis
809 3973 965 4065 melior,
1005 3998 1117 4062 cave,

234 4078 435 4155 Facunda
470 4105 524 4155 ne
561 4079 623 4154 vis
651 4080 800 4181 prodat
836 4080 984 4172 Ulixei,

288 4186 460 4262 Ludibri
493 4194 676 4287 exponat
713 4187 932 4262 scelestum

342 4294 396 4367 Et
424 4294 572 4369 doceat
608 4292 768 4369 fatuum
798 4293 928 4368 silere.

636 4525 795 4534 *-
