3164 5154
711 279 791 333 2-3.

323 475 506 550 Dextera
534 476 650 551 suavi
679 477 820 576 populi
849 484 989 552 tenere

322 583 457 657 Frena
485 583 697 683 pugnacis
729 584 806 660 sibi
833 584 892 659 nil
921 585 1045 660 licere

322 689 440 764 Velle
468 715 592 788 quarn
620 691 730 789 quod
758 691 847 767 iura
877 692 1027 782 sinunt,
1059 692 1221 792 Olympi

428 797 541 895 Lege
570 797 748 879 iubetur:

326 947 510 1046 Impetus
537 949 691 1047 primos
720 949 849 1024 animi
877 951 1056 1041 domare,

322 1055 436 1130 Seiro
464 1054 649 1132 funestos
677 1056 863 1132 inhibere
892 1065 1040 1147 motus,

322 1163 445 1237 Dona
473 1162 618 1237 virtuti
649 1163 824 1239 meritae
853 1164 1033 1264 benigno

430 1269 630 1369 Spargere
658 1271 795 1362 vultu3

325 1421 467 1496 Robur
493 1421 762 1513 inflammare,
791 1423 926 1514 fidem,
956 1423 1141 1523 vigorem

321 1528 522 1603 Praemiis
552 1528 688 1628 dignis
718 1532 929 1605 cumulare
958 1556 1091 1620 nosse,

322 1637 462 1711 Mente
490 1661 694 1735 praesaga
722 1662 914 1737 superare
944 1663 1061 1712 oasus

427 1743 556 1818 Posse
585 1742 760 1818 futuros:

325 1892 449 1968 Paois
479 1894 582 1968 haee
612 1917 677 1967 ars
706 1900 749 1968 et
777 1893 959 1968 studium
988 1893 1163 1968 fuerunt.

323 2001 415 2075 Hoc
444 2006 541 2075 tuae
569 2000 705 2076 famae
734 2002 861 2076 decus
891 2009 933 2077 et
959 2025 1032 2100 per
1060 2003 1212 2090 orbem,

324 2107 415 2197 Qua
443 2108 566 2198 earlit,
597 2133 680 2206 qua
708 2109 769 2182 sol
800 2107 938 2199 oritur,
967 2107 1130 2183 refulsit

430 2213 573 2288 Gloria
600 2215 694 2289 late.

323 2346 383 2423 At
412 2354 570 2422 oanunt
595 2348 739 2421 Martis
768 2348 906 2447 potius
936 2349 1144 2424 Camenae

327 2454 410 2530 Sub
440 2453 546 2553 iugis
576 2455 695 2529 celsis
724 2455 938 2529 Heliconis
967 2479 1083 2529 arma

322 2563 376 2636 ut
403 2562 491 2659 lyra
519 2563 673 2660 gaudet
699 2586 892 2637 resonare
920 2562 1028 2636 bella

429 2669 585 2744 Dexter
612 2668 775 2768 Apollo.

324 2820 501 2894 Graecia
529 2826 619 2894 tota
645 2819 765 2917 Pylio
796 2818 885 2918 quis
913 2843 1108 2917 umquam

322 2928 405 3001 Par
433 2926 512 3001 fuit
539 2926 626 3025 regi
657 2926 844 3024 sapiente
874 2929 1019 3001 suasu?

324 3033 406 3107 Sed
434 3033 568 3131 magis
596 3033 790 3108 laudatur
818 3032 993 3107 Achillis
1022 3031 1146 3105 ardor

428 3140 608 3215 Hectore
639 3165 770 3215 caeso.

322 3294 430 3391 Ergo
461 3293 601 3366 dicant
628 3290 813 3365 Pierides
842 3290 1073 3388 triumphos

322 3401 376 3473 Et
403 3406 495 3474 tuas
523 3399 660 3473 lauros
688 3405 937 3472 memorent:
968 3396 1163 3497 profanas

322 3505 517 3580 Hostium
547 3511 703 3580 turmas
733 3506 935 3581 domitare
963 3504 1069 3579 vidit

429 3614 598 3687 Rhenus
628 3621 670 3687 et
696 3612 810 3688 Ister.

328 3753 445 3829 Siout
472 3753 677 3850 Hyrcanis
706 3755 771 3829 leo
802 3779 947 3828 saevus
976 3751 1097 3850 agris,

328 3862 459 3951 Quem
487 3859 617 3934 fames
647 3868 765 3936 atrox
794 3860 989 3950 stimulat
1018 3858 1176 3947 t'erooit,

324 3966 482 4044 Sternit
509 3975 752 4057 armentum,
783 3968 948 4060 lacerat,
980 3971 1149 4041 cruento

429 4073 586 4175 Diripit
614 4100 699 4150 ore:

331 4216 558 4291 Horridum
587 4216 702 4290 eaelo
733 4216 844 4291 eadit
871 4224 916 4291 ut
943 4222 1117 4291 tonante

323 4325 498 4397 Fulmen
527 4347 727 4398 annosam
758 4324 880 4397 dubio
910 4322 1070 4422 fiagoro

326 4430 525 4504 Dividens
556 4456 759 4530 quereum,
787 4430 959 4529 pavidus
990 4431 1161 4505 colonus

432 4537 603 4635 Linquit
631 4544 829 4613 aratrum:
