3164 5154
706 231 910 288 smvnnun

765 476 844 542 XV.

408 657 620 735 LABORE
649 656 852 735 GLORIA
881 657 1212 759 QUAERITUR.

329 818 504 895 Virtutis
533 823 597 893 est
625 842 695 892 coe
724 817 912 892 assiduus
939 817 1074 893 labor:
1287 831 1335 887 fol.
1352 834 1410 888 105¹·

329 927 435 1001 Nam
460 922 566 1001 forte
593 930 739 1024 pectus
767 923 971 1024 frangitur
999 925 1098 1001 otio.

382 1033 464 1108 Per
490 1031 677 1106 sordidas
707 1031 877 1130 glaebas
907 1038 950 1108 et
976 1032 1127 1107 herbas

435 1141 545 1213 Dum
576 1138 723 1212 fluvius
752 1138 866 1214 cadit
892 1138 935 1212 in
961 1139 1170 1239 paludem,

331 1297 566 1399 Corrumpit
592 1298 724 1373 undas
752 1298 990 1397 languidus;
1021 1304 1087 1374 ast
1114 1298 1187 1374 ubi

330 1406 411 1480 Per
438 1429 549 1497 saxa,
578 1429 699 1504 rupes
728 1405 887 1505 proruit
913 1429 1091 1505 asperas,

385 1512 514 1588 Claris
544 1512 660 1612 aquis
689 1511 870 1587 decurrit
898 1513 1031 1588 amnis

437 1620 491 1692 Et
519 1619 730 1718 speculum
760 1619 913 1718 populo
942 1618 1163 1695 ministrat.

330 1780 551 1854 Incurvum
579 1784 760 1854 aratrum
790 1778 886 1852 dum
916 1777 1026 1855 iacet
1053 1779 1242 1855 abditum

329 1887 384 1961 Et
411 1887 485 1961 bos
514 1886 672 1961 solutus
700 1885 886 1984 gramine
915 1885 1111 1987 pascitur,

383 1993 538 2068 Vomer
564 1992 672 2091 pigri
701 2000 872 2068 accusat
900 1992 1081 2093 quietem

437 2097 659 2199 Agricolae
688 2105 813 2198 atque
843 2099 998 2174 olidum
1025 2106 1254 2190 veternum,
1402 2152 1410 2188 ι

331 2259 495 2358 Rubigo
523 2258 653 2334 laedit
680 2261 845 2351 scabra3
876 2259 949 2334 sed
976 2258 1166 2359 improbo

333 2366 595 2466 Splendescit
620 2391 716 2440 usu:
747 2365 926 2441 creditur
954 2366 1077 2442 atteri

385 2475 440 2549 Et
467 2471 678 2572 pulchrius
705 2472 858 2547 ferrum
886 2471 1064 2571 refulget

441 2580 651 2657 Continuo
680 2579 858 2654 nitidum
885 2579 1035 2655 labore.

332 2738 542 2838 Suspensa
568 2737 663 2814 vitis
693 2764 816 2837 quam
845 2740 1008 2815 suboles
1037 2739 1166 2815 micat

329 2846 463 2925 Ulmis
492 2847 698 2936 decenter,
730 2872 824 2921 cum
852 2846 977 2920 radiis
1005 2845 1113 2938 ferit,

385 2951 655 3028 Carbunculis
685 2954 746 3028 sol
773 2959 930 3028 vestem
960 2961 1002 3029 et
1029 2978 1128 3030 auro

436 3059 593 3158 Pingit!
621 3059 682 3134 At
710 3061 914 3136 ambrosio
942 3061 1101 3159 liquore

329 3218 453 3294 Haud
483 3219 657 3294 divitum
688 3225 809 3294 ornat
835 3225 957 3318 grata
983 3220 1221 3315 triclinium,

332 3326 502 3402 Calcata
531 3326 566 3400 si
593 3352 677 3401 non
706 3327 760 3402 sit
787 3327 892 3426 pede
918 3328 1084 3403 rustico,

383 3431 519 3507 Incisa
547 3432 646 3507 felix
674 3433 717 3506 ni
747 3433 801 3509 sit
828 3436 950 3509 arbor

436 3539 561 3614 Falce
589 3539 786 3629 Arabum,
817 3541 998 3639 pretiosa
1026 3541 1137 3615 stilla

328 3699 422 3774 Non
450 3698 546 3773 inde
574 3707 727 3774 manat.
785 3700 1042 3775 Proveniunt
1068 3701 1160 3775 rudi

328 3806 486 3881 Radice
514 3806 625 3905 rupis
653 3832 859 3883 marmora
887 3807 1075 3898 candida,

383 3912 465 3987 Ast
490 3912 696 4012 impolita:
727 3914 791 3989 his
821 3915 982 4013 scalpra
1010 3914 1187 3990 formam

435 4017 620 4095 Artificis
649 4020 835 4095 tribuunt
862 4028 1089 4096 venustam.

328 4179 573 4255 Miraculum
600 4179 757 4278 ingens,
787 4177 986 4277 Argolica
1012 4185 1100 4255 rate

329 4286 516 4362 Pendere
544 4285 677 4361 visum
705 4287 835 4362 vellus
862 4288 933 4361 ubi
962 4312 1128 4363 aureum

381 4393 421 4469 A
450 4392 598 4467 Iasone
628 4420 649 4468 e
680 4394 847 4470 Colchis
877 4395 1070 4469 relatum:

431 4498 623 4575 Aeoliam
652 4508 793 4576 tamen
820 4501 889 4575 ille
917 4503 1092 4591 turbam,
