3164 5154
601 240 677 303 ῙιΙΒ.
695 242 730 297 V.
748 243 829 300 7-9.

181 443 240 520 Ut
266 466 430 542 semper
457 441 592 518 amnis
621 442 740 528 alveo
771 449 888 518 sueto
917 443 1020 534 fluit,

288 546 549 648 Ambagibus
576 549 703 628 variis
730 549 842 642 licet,

180 655 397 731 Deducere
425 654 539 731 haud
565 657 700 757 possis
728 657 983 733 reluctantes
1012 681 1151 757 aquas,

287 761 377 836 Nisi
404 762 445 836 vi
472 763 647 840 revellas
673 764 875 841 maxima:
1318 817 1344 860 ,0

180 868 357 945 Mortale
384 870 521 946 tendit
547 869 715 947 tramite
743 871 804 946 ita
832 871 958 946 solito
983 894 1126 971 genus,

288 975 519 1052 Refleotere
547 982 595 1052 ut
621 977 728 1053 nolit
755 978 941 1076 gradum.

180 1082 328 1159 Tristis
356 1080 505 1159 furoris
534 1109 659 1160 causa
688 1108 792 1183 quae
822 1085 904 1159 dici
932 1088 1101 1184 potest?

287 1189 404 1265 Haec
431 1192 541 1266 unde
569 1192 683 1266 labes
710 1192 927 1291 provenit?
1314 1245 1344 1285 a

180 1295 322 1371 Primo
351 1321 377 1375 a
403 1305 575 1396 parente
602 1303 745 1374 nostra
773 1305 968 1398 corrupta
995 1295 1155 1374 indoles

288 1402 382 1479 Huc
410 1429 539 1504 usque
568 1405 691 1481 durat
717 1404 880 1504 iugiter.

179 1509 337 1586 Radice
364 1509 513 1588 vitiata
540 1514 661 1587 arbor
688 1537 742 1587 an
770 1510 950 1588 fructum
978 1509 1093 1601 feret,

286 1617 463 1710 Melissa,
494 1618 815 1696 delectabilem?

180 1720 371 1799 Accessit
399 1726 620 1801 assuetudo
649 1725 842 1826 patrandi
870 1725 992 1816 mala,

287 1830 482 1907 Formido
510 1833 626 1907 nulla
651 1832 853 1908 numinis:

181 1933 323 2030 Amor,
354 1938 515 2039 cupido,
542 1939 649 2015 livor
674 1939 719 2014 in
745 1963 943 2039 praeceps
972 1939 1142 2013 trahunt

287 2046 341 2120 Et
367 2045 565 2145 plurimos
593 2052 787 2145 mergrmt
813 2045 952 2138 humi;
1315 2097 1341 2138 ³,

180 2150 381 2229 Desaevit
405 2151 478 2245 ira,
509 2152 646 2229 caedit
674 2177 724 2228 ac
755 2152 903 2228 sternit
929 2152 1068 2252 palam

288 2258 367 2334 Vel
395 2259 626 2335 clanculum
653 2258 824 2336 insidias
851 2259 974 2349 locat,

182 2362 473 2465 Quoscumque
501 2391 629 2443 caeca
655 2366 778 2442 finxit
803 2366 992 2442 inimicos
1021 2364 1100 2440 sibi

288 2469 375 2548 Aut
402 2473 551 2549 detulit
579 2473 798 2550 calumnia.
1314 2521 1341 2562 a

180 2578 270 2653 Hos
298 2579 408 2655 inter
435 2588 573 2657 aestus
601 2605 724 2656 nemo
753 2581 962 2656 lucentem
990 2580 1173 2679 globum,

288 2684 440 2762 Amica
468 2691 633 2787 spectat
660 2687 802 2762 sidera.

182 2790 346 2868 Oblivio
376 2793 473 2870 inde
501 2794 605 2893 legis
634 2800 828 2869 aeternae
857 2793 977 2885 subit,
1042 2806 1044 2810 ‘

293 2899 481 2976 Caeleste
508 2898 654 2976 foedus
682 2901 907 3000 spernitur3

178 3006 383 3105 Exempla
408 3006 532 3083 foeda
558 3008 793 3106 principum
823 3008 1000 3082 suadent
1030 3004 1147 3082 nefas

283 3114 573 3214 Populumque
601 3115 721 3190 noxis
749 3115 933 3213 illigant:

178 3219 213 3297 Ο
245 3220 409 3319 quando
439 3222 643 3296 scelerum
674 3222 837 3297 deseret
864 3229 1016 3297 terram
1043 3221 1143 3311 lues,

284 3324 414 3403 Aetas
443 3328 600 3403 redibit
629 3331 778 3404 aurea?

178 3432 332 3533 Optare
359 3435 479 3510 nobis
507 3436 640 3510 multa
669 3460 912 3511 concessum
942 3434 1119 3533 quidem,

283 3540 504 3617 Praestare
534 3542 605 3616 sed
634 3543 710 3616 soli
739 3542 828 3617 deo.

683 3895 747 3959 IX.

300 4034 626 4116 ucammuu
654 4037 925 4117 Promissa
954 4037 1116 4114 vaus.
1183 4105 1234 4158 a.
1253 4104 1327 4160 110,

176 4196 286 4287 Quid
306 4197 446 4274 dicta?
475 4198 573 4298 quid
592 4199 819 4298 promissa?
848 4199 948 4297 quid
967 4198 1121 4274 totiens
1140 4196 1243 4273 fides

282 4303 433 4398 Iurata,
464 4306 499 4381 si
527 4330 665 4381 servas
693 4306 826 4381 nihil?

173 4410 388 4505 Attamen,
418 4412 554 4503 Alexi,
584 4413 734 4513 poscis,
763 4421 812 4490 ut
839 4414 1005 4490 credam
1033 4413 1120 4505 tibi,

282 4519 342 4594 Te
370 4544 491 4620 posse
519 4520 650 4595 iactas
678 4520 911 4620 plurimum.
