3164 5154
699 219 901 274 SILVARUM

379 419 529 496 Asuui
555 419 769 518 Iosephus,
800 420 852 492 ab
881 417 1117 493 imminenti

378 526 578 603 Reddidit
604 533 741 601 11111111
769 525 998 600 Dominum
1027 525 1206 625 periclo:

379 634 567 710 Patriam
595 632 727 732 liquit,
757 631 882 732 petiit
908 636 1073 708 vetusta

486 742 633 839 Regna
662 738 834 838 Canopi.

380 900 465 975 Iste
496 925 619 999 quam
646 897 748 974 felix
776 897 856 972 fuit
885 923 934 973 ac
962 902 1111 974 beatus

380 1007 495 1081 111191
522 1007 683 1097 beroae,
715 1004 780 1080 cui
812 1003 1084 1081 Conditorem

380 1112 594 1188 Bracchiis
624 1121 810 1188 sanctum
841 1112 960 1187 licuit
986 1120 1141 1199 1911919,

488 1220 699 1319 Stringere
728 1227 852 1294 nexu!

381 1379 530 1455 Paruit
558 1379 700 1477 magni
729 1379 892 1454 suboles
922 1380 1138 1472 Tonantis

384 1484 517 1576 Quem
545 1492 706 1586 patrem
736 1486 890 1561 blando
920 1486 1076 1563 totiens
1105 1488 1273 1564 vocavit

383 1592 462 1668 Ore
491 1592 719 1683 subridens,
750 1593 904 1669 teneris
931 1594 1094 1670 labellis

487 1699 611 1774 Basia
639 1699 779 1799 figens.

382 1857 484 1935 Tale
514 1859 612 1958 quid
641 1861 792 1936 summi
822 1861 986 1959 generis
1014 1886 1200 1961 propage

383 1966 608 2042 Caesarum
637 1967 1010 2044 111111191911111119
1038 1993 1196 2067 regum,

384 2073 518 2148 Carne
545 2073 742 2149 vestitum
772 2074 920 2174 quibus
949 2083 1012 2151 est
1039 2082 1239 2173 negatum

489 2180 666 2254 Cernere
696 2185 873 2256 numen?

382 2339 504 2428 Quod
534 2340 658 2416 duces
686 2366 914 2441 numquam
943 2349 1116 2442 potuere
1147 2343 1251 2417 clari

382 2446 617 2546 Sanguinis,
648 2448 758 2523 solus
786 2449 938 2524 111911111
965 2449 1078 2524 fideli

387 2554 568 2653 Obsequi
598 2555 722 2647 cultu,
752 2555 904 2631 meruit
933 2555 1086 2632 calenti

500 2661 653 2736 Plenus
682 2687 832 2737 amore.

792 3264 832 3328 V.

298 3479 503 3557 PRECES
534 3479 758 3559 CONTRA
787 3479 1020 3558 STYGIAS
1049 3480 1310 3559 FRAUDES.

382 3693 523 3770 Plebis
553 3693 750 3771 adflictae
778 3693 970 3770 miserere
999 3719 1165 3784 numen,
1295 3710 1344 3764 fol.
1364 3712 1426 3766 rsur-

388 3802 503 3893 Quae
534 3800 611 3876 tibi
643 3802 795 3877 devota
822 3800 1060 3901 frequentat
1088 3827 1191 3894 arae,

386 3909 568 4008 Legibus
596 3913 722 4007 paret,
750 3908 938 4008 precibus
967 3909 1166 3985 modestis

489 4016 633 4090 Sidera
661 4016 809 4114 pulsat.

384 4175 520 4249 Invidi
549 4177 722 4250 technas
750 4175 872 4250 Erebi
902 4200 1062 4251 coerce:

381 4282 643 4358 Daemcnum
672 4282 818 4357 dextra
846 4282 984 4358 valida
1012 4284 1187 4358 retunde

385 4390 601 4467 Machinas
631 4392 804 4480 crebras,
836 4389 1085 4465 Acherontis
1114 4400 1230 4465 atras

490 4497 631 4573 Disice
661 4497 836 4573 fraudes.
