3164 5154
165 247 227 305 118
722 238 887 294 EPODON

271 436 380 527 Quin
408 439 564 537 templa
590 437 727 536 fulgor
753 444 945 538 penetrat
972 446 1015 513 et
1033 462 1173 514 sacras
1194 437 1335 512 domos

374 545 411 618 N
414 570 462 620 eo
490 544 645 644 aliquid
672 544 876 620 intactum
904 544 1022 619 sinit:

269 651 468 726 Tentaret
497 652 622 726 etiam
651 650 786 726 sidera
814 657 856 726 et
883 651 1054 741 eaelum,
1083 650 1165 726 nisi

375 760 528 832 Rerum
556 765 717 833 vetaret
744 758 908 833 arbiter.
1380 809 1397 847 s

268 863 388 938 Nunc
417 865 501 939 ima
527 864 638 940 Ditis
666 889 797 964 regna
824 864 1005 939 sollicita
1031 888 1155 963 prece

376 971 445 1044 Ad
473 979 572 1047 vota
600 971 770 1047 deducit
797 996 890 1046 sua:

271 1075 528 1175 Quicumque
557 1077 674 1152 donis
704 1078 923 1153 criminum
951 1074 1129 1152 artifices
1159 1076 1270 1165 colit,

377 1184 498 1259 Erebi
527 1184 737 1259 ministros
766 1185 954 1260 advocat.
1377 1232 1393 1271 u

271 1290 380 1379 Quid
399 1292 539 1390 plura?
563 1291 742 1365 nummis
758 1297 907 1367 cuncta
926 1289 1171 1365 subduntur:
1196 1289 1328 1390 pudor,

377 1398 539 1496 Religio
569 1405 611 1473 et
639 1399 844 1474 excellens
871 1399 1015 1472 honor.

272 1502 404 1594 Quem
432 1506 584 1580 veritas
613 1505 805 1594 custodit,
835 1505 947 1579 haud
976 1503 1088 1580 cedit
1113 1509 1266 1593 tamen,

379 1610 461 1686 Sed
489 1637 713 1711 pauperem
741 1612 870 1687 vitam
901 1611 1029 1711 eligit.
1374 1653 1391 1694 s

274 1717 485 1815 Congesta
515 1718 612 1818 quid
639 1719 818 1818 pecunia
845 1726 918 1794 aut
945 1724 1119 1818 prosunt
1148 1741 1257 1816 opes,

378 1824 488 1900 Hinc
518 1826 681 1924 quando
711 1825 972 1922 migrandum
999 1823 1104 1898 tibi?

780 2475 838 2538 VI.

457 2689 613 2766 LEGIS
642 2689 869 2765 DIVINAE
900 2688 1163 2765 FIRMlTAS.

273 2906 409 2980 Iactat
434 2910 617 2978 vetustas
647 2901 780 2977 Attici
808 2903 920 3000 leges
950 2901 1071 2993 senis,
1303 2909 1398 2967 forre

380 3009 483 3084 Duri
511 3009 689 3109 Lycurgi
719 3009 891 3097 somnia,

274 3116 379 3193 Atro
400 3117 601 3192 Draconis
631 3116 831 3214 sanguine
859 3114 1079 3215 inscriptas
1103 3121 1236 3206 notas,

381 3224 513 3298 Prisci
540 3223 709 3298 Zaleuci
737 3222 920 3313 naeniae,
1398 3265 1407 3303 4

274 3332 430 3405 Decem
458 3331 648 3423 virorum,
680 3356 780 3428 quas
814 3334 1058 3427 receperunt
1083 3328 1212 3402 trucis

382 3438 562 3512 Tabulas
590 3445 762 3536 nepotes
792 3435 969 3525 Romuli,

275 3543 425 3618 Minois
453 3544 496 3617 in
517 3543 641 3619 Creta
669 3543 800 3617 incliti
827 3543 1034 3640 quondam
1063 3541 1179 3616 ducis

382 3652 563 3726 Decreta
591 3650 748 3724 dictata
776 3674 801 3723 a
828 3648 938 3723 love.
1404 3691 1413 3730 ⁸

277 3757 541 3857 Sapientibus
571 3757 644 3831 sed
673 3756 862 3832 omnibus
891 3756 1028 3830 Moses
1056 3753 1167 3855 prior

382 3865 581 3939 Mandata
608 3863 823 3963 proposuit
851 3863 928 3951 dei,

277 3971 358 4060 Qui
385 3978 536 4046 terram
566 3976 608 4045 et
636 3977 748 4045 astra
777 3969 962 4044 condidit
989 3971 1114 4043 verbo
1144 3993 1230 4056 suo,

382 4077 584 4152 Produxit
611 4079 742 4152 undas
772 4076 929 4175 spiritu.
1400 4115 1418 4157 u

278 4184 439 4260 Cedant
466 4183 641 4284 profana
673 4185 870 4281 dogmata
904 4191 946 4257 et
983 4183 1163 4256 subdant
1196 4191 1321 4281 caput

385 4291 616 4366 Iustissimo
644 4317 782 4365 rerum
810 4290 977 4365 arbitro.

277 4398 446 4499 Figunt,
476 4399 658 4497 refigunt
684 4398 774 4473 iura
802 4398 1009 4486 mortales
1038 4406 1190 4494 rogant

384 4508 438 4581 Et
466 4508 677 4604 abrogant,
707 4505 870 4604 quando
899 4504 1009 4578 libet.
