3164 5154
709 245 914 302 SILVARUM

760 546 859 612 VIII.

542 762 850 841 URBANITAS
889 761 1087 840 GRATA.

330 977 528 1053 Horridas
556 976 691 1052 vultus
719 976 890 1051 nebulas
918 976 1090 1067 resolve,
1311 991 1360 1046 fol.
1376 993 1420 1048 ar·

329 1082 496 1161 Frontis
526 1090 568 1159 et
594 1106 730 1182 rugas,
759 1081 974 1175 Meliboee,
1004 1107 1130 1181 pone:

331 1190 569 1280 Quemlibet
595 1187 729 1264 verbis
757 1189 930 1290 placidis
960 1191 1105 1281 saluta,

436 1296 562 1372 Basia
590 1296 711 1372 iacta.

329 1455 496 1531 Nemini
525 1480 659 1530 sermo
688 1453 831 1530 noeuit
859 1479 1002 1531 sereno

331 1561 411 1637 Ore
439 1562 620 1648 diffusus,
649 1561 786 1636 radios
815 1563 866 1635 ab
896 1562 980 1637 alto

331 1667 403 1743 Sol
429 1669 543 1743 velut
570 1667 728 1768 spargit
755 1668 868 1742 rutili
895 1667 1026 1744 leonis

436 1775 572 1872 Terga
601 1775 838 1874 premend0.

329 1933 543 2010 Haereant
578 1933 705 2007 labris
734 1933 923 2008 Charites
958 1934 1186 2026 modestae,

330 2039 456 2115 Dicta
483 2041 565 2114 sint
593 2042 762 2131 urbana,
794 2040 899 2114 sales
928 2041 1091 2117 venusti

329 2147 383 2221 Et
409 2171 578 2222 manum
605 2148 756 2245 praebe
785 2146 949 2220 facilem
978 2147 1157 2246 petenti:

436 2251 577 2351 Iurgia
601 2253 698 2328 vita.

332 2409 375 2486 Si
402 2417 530 2509 potes
560 2411 668 2486 diras
696 2411 910 2486 moderare
938 2409 1044 2502 lites,

330 2518 482 2594 Mentis
513 2517 741 2594 extinctum
768 2542 920 2592 revoca
948 2518 1143 2593 calorem:

331 2622 530 2699 Omnibus
560 2625 618 2699 sic
646 2631 787 2724 gratus
817 2622 907 2716 eris,
937 2624 1118 2723 potentis

438 2729 606 2807 Arbiter
634 2732 764 2806 aulae.

783 3274 847 3338 IX.

292 3489 545 3567 VIRTUTIS
582 3490 652 3565 ET
679 3488 1018 3566 VOLUPTATIS
1046 3489 1337 3568 DIALOGUS.

310 3702 418 3776 VIR.
466 3701 596 3791 Errat,
628 3700 813 3799 quisquis
843 3699 930 3774 abit
957 3725 1060 3799 puer
1307 3717 1353 3772 rol.
1369 3714 1411 3770 90¹·

521 3805 560 3880 A
590 3832 656 3881 me
684 3808 751 3881 vel
779 3807 938 3881 iuvenis
967 3806 1134 3881 tramite
1163 3807 1322 3884 florido.

473 3913 630 3987 Metam
659 3913 770 3987 haud
798 3913 996 4013 prospicit
1023 3912 1215 3988 ultimam

519 4019 712 4110 Demens,
745 4019 916 4093 consilio
947 4021 1044 4094 dum
1073 4019 1235 4119 eapitur
1264 4028 1342 4096 tue.
1406 4063 1415 4100 t

305 4178 427 4257 VOL.
468 4180 528 4253 Ne
558 4185 789 4270 contemne,
820 4204 942 4270 soror,
970 4203 1064 4253 mea

522 4285 565 4359 Si
594 4285 655 4358 vir
684 4285 749 4358 vel
777 4285 922 4359 nmlier
950 4284 1214 4384 pregreditur
1242 4285 1325 4362 via:

468 4391 573 4465 Nam
601 4415 684 4465 non
714 4391 894 4466 diffie-ilis
923 4392 1049 4482 labor,

520 4497 623 4572 Cum
653 4504 782 4572 strata
811 4496 967 4573 alliciat
994 4497 1162 4572 floribus
1192 4505 1235 4573 et
1262 4497 1368 4573 rosis.
1409 4539 1418 4577 a
