3164 5154
707 211 924 270 CARMINUM

319 412 560 490 Deformem
587 413 767 488 Pholoes
806 436 953 512 sperne
989 409 1223 486 libidinem:

318 519 514 596 Aetatem
550 527 737 595 teneram
774 543 847 594 eur
881 519 942 593 ita
977 517 1172 619 prodigas

319 628 373 702 Et
410 634 546 703 custos
584 626 761 726 vigilans
797 651 884 700 non
921 625 1009 700 sine
1046 623 1184 701 taedio
1248 656 1250 661 ·

427 734 572 810 Serves
611 733 802 808 delicium
840 731 980 807 domi?
1402 763 1426 804 ιε

319 892 378 967 At
414 900 456 969 te
493 893 555 968 vis
592 892 731 992 rapuit
766 916 920 990 magna
946 893 1169 992 pecuniae:

319 1000 435 1075 Haec
474 998 612 1074 subdit
648 998 803 1075 calidas
841 999 930 1074 sola
964 999 1104 1074 animo
1141 997 1266 1090 faces,

319 1106 436 1182 Haec
470 1105 636 1204 stringit
674 1105 832 1205 cupidis
864 1104 1058 1181 bracchia
1089 1105 1277 1196 nexibus,

426 1213 543 1288 Haec
580 1212 748 1288 deducit
784 1212 837 1287 ad
875 1212 1026 1287 oscula.
1402 1245 1428 1285 ιο

319 1373 423 1449 Cum
459 1373 600 1448 multis
638 1372 782 1473 opibus
819 1371 946 1447 fultus
984 1372 1225 1448 obambulas

317 1480 371 1555 Et
402 1504 542 1581 speras
581 1479 772 1555 dominae
799 1477 888 1554 fata
920 1479 1144 1571 celenima,

317 1587 462 1663 Plures
498 1585 572 1662 issa
608 1586 695 1661 dies
731 1585 835 1661 vivit
871 1592 914 1661 et
949 1585 1090 1661 invida

425 1694 484 1768 Te
512 1718 622 1768 mors
650 1693 704 1767 ad
731 1693 935 1767 tumulum
963 1692 1102 1767 trahit.

741 2309 858 2374 XXV.

398 2525 576 2603 POETA
604 2526 661 2602 IN
690 2525 894 2602 SENIUM
921 2523 1186 2602 VERGENS.

316 2723 405 2800 Iam
443 2723 586 2798 datum
623 2721 751 2796 Musis
789 2721 887 2797 satis
926 2728 968 2796 et
1004 2721 1203 2797 tenebris:
1289 2738 1342 2796 for.
1362 2739 1411 2795 111·

315 2830 434 2904 Nunc
472 2829 572 2904 deus
611 2828 767 2920 suadet,
805 2828 974 2904 meliore
1010 2829 1167 2929 plectro

315 2938 373 3014 Ut
409 2960 547 3013 sacras
584 2942 716 3010 turres
755 2936 971 3028 celebrem,
1011 2935 1146 3012 Sionis

421 3041 589 3119 Moenia
624 3041 806 3143 pingam.

315 3203 409 3277 Non
445 3201 639 3277 reluctari
675 3201 800 3277 liceat
836 3201 998 3302 potenti

315 3307 500 3383 Numini:
538 3308 631 3382 cani
658 3308 880 3409 prohibent
917 3307 1054 3409 capilli

314 3416 470 3514 Magna
504 3414 652 3505 moliri,
689 3421 804 3490 vetat
841 3415 1021 3489 eminere

423 3520 562 3597 Serior
599 3527 726 3597 aetas.

313 3684 371 3760 Ut
407 3683 472 3756 leo
509 3681 711 3781 languens
745 3681 858 3756 senio
896 3683 1101 3759 recumbit

313 3789 363 3863 In
401 3812 524 3888 specu
562 3787 702 3880 tristis,
740 3788 931 3864 meminit
966 3789 1147 3889 priorum

313 3895 474 3972 Virium
511 3901 694 3970 tantum:
728 3895 878 3969 veteris
910 3903 1060 3996 poetae

422 4002 490 4078 Sic
528 4026 689 4102 quoque
726 4026 844 4077 vena.

313 4161 357 4239 Si
395 4161 497 4236 mihi
533 4161 639 4260 lapsi
676 4160 906 4236 referantur
942 4163 1052 4252 anni,

310 4269 437 4344 Forte
475 4267 529 4343 sit
566 4267 736 4366 dignum
772 4269 933 4367 tragico
973 4270 1188 4361 cothurn0‚

313 4374 435 4465 Quod
455 4399 622 4475 canam3
657 4375 730 4449 sed
752 4400 862 4450 nunc
891 4382 1077 4475 superest
1095 4374 1272 4451 canendi

420 4481 518 4558 Sola
554 4482 755 4557 voluntas.
1395 4496 1421 4540 ¹⁶
