3164 5154
525 271 598 328 ΗΒ.
616 270 666 326 VI.
685 272 802 328 31-33.

178 474 408 573 Purpuram
437 471 535 547 olari
563 496 738 571 posuere
764 495 896 570 reges,

179 579 379 655 Consules
406 578 551 670 fascea,
581 603 656 654 sua
681 579 935 654 miscuerunt

178 687 288 761 Dum
317 685 400 760 tuis
428 686 563 773 armis,
592 685 720 763 Asiae
748 693 947 786 tyrannus

286 794 461 870 Careere
489 796 660 869 clausus.

180 989 356 1090 Coniugi
382 989 563 1065 vinelum
593 989 722 1064 violas
752 988 912 1065 adulter

178 1099 231 1174 Et
259 1122 395 1173 saeras
423 1096 537 1196 leges
565 1095 737 1172 thalami
765 1093 961 1196 profanus

177 1205 364 1305 Iuppiter
390 1204 558 1303 rumpis,
588 1202 758 1279 miseras
785 1201 943 1303 puellas

284 1311 445 1387 Fallere
474 1311 630 1386 doetus.

178 1509 339 1582 Nomen
367 1507 471 1582 haee
498 1505 641 1606 Magni
670 1529 855 1581 meruere
881 1502 1008 1579 faeta!

180 1616 366 1714 Contego
395 1613 498 1706 velo,
524 1613 693 1688 latebris
719 1613 899 1688 recondo

178 1722 332 1820 Impias
360 1720 535 1812 fraudes
565 1721 763 1795 scelerum
791 1743 968 1794 venena:

287 1830 391 1905 Sunt
419 1827 519 1903 satis
546 1827 638 1902 ista.

575 2694 748 2758 XXXIII.

316 2947 456 3025 DEUS
485 2946 766 3024 SALOMONI
795 2945 1001 3023 IRATUS.

183 3178 287 3254 Cum
314 3204 455 3277 regem
485 3177 677 3276 Solymae
704 3177 872 3252 flamma
900 3176 1103 3276 cupidinis
1144 3191 1191 3245 fol.
1211 3191 1281 3246 130'-

182 3286 249 3361 Ad
278 3287 414 3384 plures
444 3285 626 3359 traheret
654 3283 812 3358 lubrica
840 3284 1047 3382 coniuges,

182 3395 243 3466 Ex
272 3392 375 3466 aulis
404 3392 527 3465 variis
557 3397 599 3465 et
626 3391 863 3489 regionibus

289 3500 399 3589 Quas
428 3499 575 3572 ardens
604 3497 680 3571 sibi
711 3498 878 3596 legeret,

182 3696 376 3770 Diversos
406 3693 531 3767 etiam
561 3719 651 3766 eum
682 3691 837 3766 coleret
866 3692 974 3782 deos,

182 3802 360 3876 Mendax
386 3800 546 3899 relligio
577 3825 677 3898 quos
707 3798 784 3872 sibi
811 3798 1000 3873 finxerat:

182 3908 282 3983 lrati
310 3907 478 3982 Domini
508 3907 675 3981 nuntius
705 3904 848 3994 astitit,

290 4014 368 4105 Qui
398 4015 505 4089 diras
535 4018 701 4087 caneret
729 4011 873 4086 minae.

185 4212 257 4298 ‚Te
288 4236 491 4284 summum
520 4209 661 4307 populi
691 4205 886 4296 constitui
915 4207 1073 4291 ducem,

185 4318 413 4392 Caelestem
445 4316 565 4391 docui
594 4322 634 4389 te
664 4313 927 4412 sapientiam:

184 4425 253 4500 Sie
282 4425 411 4524 patris
440 4423 574 4497 subito
604 4421 756 4496 deseris
786 4420 974 4511 orbitam,

290 4532 439 4607 Foedis
469 4529 736 4604 daemonibus
767 4529 912 4602 vacas?
