3164 5154
709 228 915 285 SILVARUM

274 433 391 507 Haec
418 455 502 507 non
530 430 663 529 plebis
692 453 819 520 amor,
849 452 934 503 non
962 427 1148 504 citharae
1178 453 1324 518 sonus,

273 540 483 613 Musarum
513 537 637 611 decus
667 541 740 609 aut
767 559 921 634 magna
948 533 1138 634 potentia

327 647 470 720 Donat
497 644 663 742 publica
691 642 758 717 vel
785 665 864 735 ree,

383 751 466 828 Sed
492 775 609 825 mens
639 747 852 825 candidior
878 747 985 821 nive.

275 908 457 985 Adfectu
486 908 610 983 celeri
639 908 775 983 sidera
803 907 1040 998 transvolat

276 1016 449 1093 Aeterni
479 1015 581 1090 solio
610 1014 802 1114 proxima
828 1013 1009 1088 numinis

331 1122 451 1199 Claro
481 1123 594 1197 lucet
621 1122 777 1196 amictu

383 1230 437 1302 Et
463 1228 615 1304 blando
643 1226 792 1302 fruitur
821 1228 898 1302 die.

278 1388 371 1463 Non
400 1388 513 1462 illam
541 1390 739 1463 tenebrae
768 1394 841 1464 aut
868 1386 1045 1461 nubibus
1073 1384 1243 1462 horrida

277 1496 520 1593 Tempestas
549 1495 692 1593 agitat,
723 1521 807 1570 non
835 1491 987 1592 Aquilo
1016 1491 1133 1568 ferox

331 1601 504 1676 Miscere
533 1625 713 1700 aequora
740 1601 853 1693 flatu,

383 1708 477 1783 Non
504 1709 620 1782 vultu
648 1709 779 1784 Notus
808 1705 960 1781 umido.

764 2220 859 2285 XIV.

447 2417 563 2496 NON
592 2416 985 2494 FEROCIENDUM
1013 2417 1177 2494 NIMIS.

279 2593 466 2669 Nominis
496 2594 656 2692 quaeris
686 2594 810 2669 decus
839 2602 963 2693 atque
991 2596 1192 2671 honorem
1309 2609 1357 2663 fol.
1374 2609 1417 2664 92¹·

278 2701 419 2775 Dicier
446 2701 558 2776 fama
586 2700 756 2800 cupidus
785 2726 858 2800 per
887 2704 1041 2777 orbem:

279 2807 398 2882 Miles
426 2806 523 2881 hinc
552 2808 674 2882 sudas
702 2807 896 2906 gravibus
925 2810 999 2882 sub
1029 2805 1166 2899 armis,

387 2914 483 2990 Otia
510 2913 655 2990 nescis.

279 3073 423 3149 Laudo
452 3073 666 3147 virtutem:
696 3073 874 3172 patriam
901 3071 1029 3147 tueris

280 3180 480 3255 Hostibus
508 3180 631 3277 longe
659 3180 828 3278 regione
856 3179 996 3279 pulsis,

280 3288 339 3364 Ut
365 3287 429 3361 leo
460 3286 592 3360 saevis
620 3285 789 3362 inimica
816 3311 1010 3386 rumpens

387 3392 572 3491 Agmina
600 3392 719 3467 ferro.

281 3550 500 3627 Pulchrior
527 3552 664 3626 vultus
694 3552 819 3644 sanie,
851 3576 993 3626 cruore

282 3659 455 3758 Sparsus
486 3665 527 3734 et
554 3660 668 3733 tabo:
699 3659 828 3734 micat
855 3658 963 3733 inter
992 3683 1121 3751 enses,

280 3765 517 3864 Phosphori
546 3764 653 3840 sicut
680 3765 838 3841 facibus
868 3764 1021 3839 serenis

387 3873 576 3947 Flamma
604 3873 769 3947 relucet.

282 4030 473 4105 Hectoris
503 4032 649 4105 durum
676 4031 850 4104 nimium
878 4029 1026 4105 ferocis

283 4137 454 4212 Terreat
480 4137 627 4211 fatum:
658 4138 858 4213 Thetidcs
887 4138 1071 4212 marinae

283 4244 411 4319 Filius
442 4270 562 4318 curru
589 4245 728 4344 rapuit
756 4244 947 4344 supinum

389 4351 557 4425 Moenia
585 4351 746 4425 circum.
