3164 5154
16 4672 168 4858 h

730 202 944 263 crannum

334 405 571 481 Prostratus
599 404 740 496 hostis,
769 402 935 479 moenia
963 400 1109 478 diruta.

334 511 453 586 Nunc
481 520 578 587 ante
606 519 760 587 tersum
787 515 830 585 te
859 510 1070 609 speculum
1097 509 1210 584 locas

387 617 526 717 Atque
555 624 644 694 arte
669 614 880 718 componis
904 615 1087 716 capillos,

442 724 631 800 Crinibus
660 731 707 800 ut
732 724 898 800 videare
927 722 1084 822 crispis.

334 867 449 943 Auro
479 867 658 944 nitentes
686 865 867 942 indueris
895 872 1025 963 togas,

336 972 487 1049 Omnes
516 999 686 1050 avorum
715 971 880 1049 divitias
908 996 1074 1073 gerens:

387 1082 568 1157 Fumant
596 1081 754 1158 Sabaeo
783 1082 968 1155 membra
996 1079 1122 1155 odore

441 1188 495 1262 Et
522 1194 646 1286 caput
673 1187 843 1286 Assyrio
873 1186 1044 1285 liquore.

334 1329 461 1405 Telae
489 1328 694 1407 Batavum
722 1329 843 1405 litore
871 1331 923 1404 ab
953 1328 1110 1418 ultime,

336 1435 453 1512 Colla
480 1444 527 1513 ut
555 1442 765 1528 coronent,
796 1434 1022 1513 adveniunt
1048 1435 1146 1530 tibi;

387 1544 554 1619 Mensae
582 1543 811 1644 peregrinis
840 1542 1052 1619 abundant

440 1650 614 1726 Potibus
644 1658 687 1727 et
713 1651 856 1751 procul
883 1650 979 1724 hinc
1008 1649 1158 1750 petitis.

334 1795 519 1870 Aestatis
548 1793 669 1869 ardor
697 1791 850 1893 frigore
876 1793 1055 1868 vincitur

335 1902 480 1980 Undae
508 1901 687 2000 gelatae:
718 1900 775 1975 sic
803 1900 958 1975 bibitur
985 1925 1151 1975 merum.

389 2007 512 2083 Cenis
541 2007 725 2107 superbis
755 2005 843 2082 dira
872 2006 1036 2082 Colchis

440 2116 493 2191 Et
520 2114 722 2190 Numidae
751 2115 935 2189 volucres
963 2113 1209 2190 ministrant.

333 2256 531 2332 Adfertur
559 2256 639 2333 oris
667 2256 790 2356 piscis
819 2260 871 2332 ab
901 2257 1049 2333 exteris

333 2366 387 2439 Et
413 2389 505 2440 rara
531 2363 630 2463 ripis
660 2370 796 2439 ostrea
824 2364 991 2439 dissitis:

388 2470 589 2546 Censetur
615 2470 833 2569 indignum
863 2478 935 2547 aut
962 2471 1193 2572 profanum,

441 2576 560 2666 Quod
589 2577 756 2678 propria
787 2578 958 2677 regione
987 2578 1125 2655 crevit.

333 2720 493 2819 Ignava
519 2719 663 2818 priscis
690 2745 775 2795 non
804 2720 862 2795 ita
890 2721 1062 2797 saeculis

333 2827 538 2926 Umquam
567 2826 689 2918 fuisti,
718 2852 812 2902 cum
840 2835 1031 2925 regerent
1059 2829 1181 2905 duces

386 2935 560 3010 Deserto
589 2940 734 3026 aratr0,
762 2960 855 3009 cum
883 2935 1022 3035 ligone

440 3039 629 3140 Seposito
659 3048 854 3141 caperent
882 3041 1066 3117 securim.

333 3183 408 3259 Isti
435 3208 509 3282 per
537 3208 678 3259 omnes
706 3183 922 3282 imperium
950 3185 1095 3285 plagas

336 3289 478 3365 Austri
506 3291 559 3365 ad
588 3292 743 3366 calores
773 3315 798 3365 a
824 3292 982 3367 Boreae
1011 3293 1106 3392 gelu

384 3397 549 3472 Virtute
576 3395 801 3472 frmdarunt
827 3398 989 3498 potenti

440 3504 493 3578 Et
520 3504 659 3579 valida
686 3511 855 3580 tenuere
885 3507 1039 3580 dextra.

333 3649 449 3723 Haec
476 3647 718 3745 magnitudo
747 3647 817 3721 vix
844 3647 1015 3724 memori
1043 3656 1181 3747 potest

334 3755 423 3829 Iam
450 3760 589 3829 mente
619 3755 749 3828 cerni:
787 3753 974 3854 disperiit
999 3755 1118 3854 vigor

387 3863 441 3935 Et
468 3860 631 3937 barbari
659 3861 855 3936 invictam
882 3862 1047 3961 tyranni

441 3966 652 4068 Diripiunt
677 3968 930 4068 pedibusque
957 3970 1130 4045 calcant.

335 4113 519 4209 Exsurge
546 4111 734 4186 tandem!
772 4110 1018 4187 Caesareum
1048 4113 1171 4187 decus

335 4217 520 4316 Antiqua
548 4217 701 4292 dudum
728 4218 885 4318 proelia
913 4218 1116 4294 concitet:

389 4326 452 4399 De
481 4323 708 4399 Thracibus
740 4331 805 4400 tot
831 4351 941 4400 nunc
968 4324 1165 4426 triumphi

441 4430 534 4505 Non
563 4437 722 4507 veteres
750 4439 952 4508 renovent
978 4434 1184 4508 honores?
