3164 5154
775 533 852 598 VH„

337 734 592 812 MEMORIA
619 731 787 810 SAEPE
815 730 1080 809 DOLORUM
1109 728 1303 811 CAUSA.

336 912 533 1012 Expende
560 910 670 985 vitae
700 911 796 985 dum
824 908 959 984 varias
985 909 1106 1002 vices,
1308 925 1359 980 foi
1375 927 1422 982 111-

337 1021 471 1094 Duros
499 1019 671 1107 labores,
702 1017 791 1115 quis
819 1015 947 1090 veluti
974 1017 1098 1092 maris

390 1126 503 1200 Inter
530 1123 749 1199 frementes
779 1128 888 1199 errat
915 1123 1044 1199 undas

442 1230 653 1306 Fluctibus
683 1230 894 1329 exagitata
922 1231 1094 1306 crebris:

336 1390 564 1467 Oblivionis
592 1399 691 1466 tunc
719 1390 903 1464 animum
930 1389 1040 1465 subit

337 1498 479 1573 Dulcis
508 1498 668 1598 cupide.
697 1496 855 1573 Taedia
881 1521 979 1572 nam
1006 1496 1107 1571 mihi

388 1605 526 1704 Atque
555 1606 693 1679 icones
721 1602 856 1704 plures
884 1612 1107 1696 recurrunt,

442 1710 553 1800 Quas
582 1709 717 1811 potius
745 1709 980 1785 meminisse
1008 1709 1146 1786 nolim.

335 1871 462 1946 Nobis
491 1895 545 1946 an
574 1871 671 1945 olim
700 1869 830 1969 gloria
858 1870 923 1945 vel
952 1871 1076 1946 decus

336 1978 474 2080 (Tristi
504 1984 546 2053 et
573 1977 756 2077 gementi
776 1977 898 2052 corde
922 1976 1183 2078 revolvimus)

389 2085 568 2159 Iniuriae
598 2093 640 2159 et
668 2085 814 2158 caedes
843 2084 1040 2160 scelestae

443 2190 747 2291 Sanguineique
775 2215 848 2290 per
876 2214 974 2265 arva
1000 2190 1104 2265 rivi?

335 2350 507 2450 Dilapsa
535 2352 688 2425 dudum
715 2375 799 2425 non
826 2356 1030 2451 premeret
1057 2351 1174 2449 gravi

335 2457 546 2534 Aerumna
573 2464 716 2557 pectus
745 2457 1028 2549 sollicitudine,

389 2565 433 2640 Si
460 2564 628 2639 flumine
657 2571 795 2641 essent
821 2588 955 2639 mersa
977 2564 1130 2640 Lethes

443 2671 591 2747 Omnia
620 2670 892 2771 diriperentve
920 2671 1044 2762 venti,

337 2828 452 2918 Quae
482 2831 645 2922 damna,
675 2831 813 2907 clades
842 2855 942 2930 quas
969 2830 1136 2906 tulimus
1170 2829 1293 2931 prius.

336 2936 574 3035 Tranquilla
598 2937 730 3013 solum
758 2946 800 3014 et
817 2938 928 3013 laeta
955 2937 1025 3012 ubi
1052 2937 1123 3010 lux
1151 2937 1291 3029 micat,

387 3044 518 3118 Dulce
547 3051 610 3119 est
636 3043 840 3120 recordari
868 3045 1075 3136 laborum3

441 3151 551 3225 Rara
580 3151 652 3225 sed
679 3151 782 3226 haec
810 3152 958 3250 pelago
986 3149 1153 3225 fm'enti:
1409 3177 1432 3215 11

335 3308 394 3384 Α1
421 3333 543 3409 saepe
572 3335 732 3385 maeror
758 3311 806 3386 fit
832 3312 954 3385 breve
983 3310 1191 3410 gaudium.

274 3485 277 3492 .
336 3415 369 3490 Ο
399 3427 538 3490 mente
565 3442 695 3492 noxas
729 3442 1043 3493 commemorem
1071 3443 1184 3493 meas

388 3524 570 3598 Posthac
599 3524 755 3599 dolenti
784 3532 826 3599 et
853 3525 972 3615 dona,
1003 3526 1164 3600 caelum

443 3628 557 3718 Quae
585 3630 730 3706 tribuit
757 3630 929 3706 nimium
956 3630 1200 3729 frequenter,
1412 3657 1435 3696 ³1

336 3789 510 3889 Culpam
539 3796 585 3865 ut
611 3798 830 3867 nocentem
863 3791 1038 3891 pectoris
1068 3797 1288 3891 amputem.

335 3896 520 3972 Laudem
548 3923 769 3996 perennem
798 3898 997 3973 iustitiam
1026 3897 1116 3973 dei:

390 4002 458 4078 Sic
485 4004 621 4102 gratia
647 4004 760 4080 nisus
789 4005 948 4104 potenti

443 4110 616 4187 Sedibus
646 4112 825 4213 accipiar
852 4112 995 4188 beatis
