3164 5154
724 233 926 292 slnvnnml

784 432 849 498 IX.

327 593 621 674 CAELESTIS
657 590 888 674 PATRIAE
924 591 1206 674 FELICITAS
1243 596 1314 673 ΕΤ

502 718 838 800 NEGLECTUS.
876 716 1141 799 SOMNIUM.

292 880 487 974 Cossano,
515 878 729 981 Morpheu,
758 880 866 957 ludis
893 880 1075 980 imagine
1312 894 1416 953 1111·

290 989 345 1063 nt
371 994 492 1087 grata
517 1010 655 1064 rursus
684 988 846 1065 somnia
873 988 1081 1064 dimoves?

344 1094 488 1193 Pergis
517 1094 658 1187 citato,
687 1097 800 1187 dure,
828 1097 1004 1194 gressu?

399 1198 488 1290 Quo
518 1204 742 1303 properas?
770 1201 870 1279 Sine
897 1227 984 1278 me:
1013 1203 1158 1277 beatas

290 1340 428 1419 Aedes
455 1342 641 1421 revisam.
690 1341 759 1419 Me
788 1343 977 1444 Solymos
1006 1367 1128 1443 agros

293 1449 505 1552 Olarisque
533 1450 709 1551 gemmis
736 1457 850 1527 tecta
877 1448 1077 1526 micantia

343 1558 550 1651 Lustrare,
579 1558 792 1634 stellarum
820 1557 975 1635 serenis

397 1664 465 1739 Me
492 1662 651 1740 facibus
680 1663 795 1741 iuvat
820 1664 1032 1741 interesse.

293 1806 408 1896 Quae
434 1805 603 1883 flamma
629 1831 781 1906 magno
810 1806 942 1907 surgit
967 1808 1019 1882 ab
1046 1805 1240 1881 aethere!

293 1913 423 2003 Quam
454 1912 572 1988 dulce
600 1914 752 2005 lumen,
780 1911 916 2012 fulgor
944 1920 987 1989 et
1015 1937 1161 1988 aureus

347 2019 472 2095 Caelo
501 2020 683 2095 relucet!
715 2019 848 2109 Quam
875 2019 1029 2095 nitenti

398 2126 565 2226 Iaspidi,
596 2152 720 2227 quam
748 2127 868 2202 viridi
896 2126 1114 2226 smaragdo

293 2265 522 2366 Splendent
550 2266 687 2343 Sionis
716 2267 901 2343 moenia!
951 2266 1052 2356 Quis
1081 2290 1277 2365 premens

292 2373 466 2450 Vastam
495 2374 732 2449 columnam
759 2399 835 2450 nos
862 2379 1033 2450 revocat
1060 2375 1194 2449 tuba?

345 2481 532 2555 Mentem
562 2480 698 2556 subire
726 2481 916 2556 hortatur
944 2503 1086 2556 omnes

400 2587 453 2663 Et
480 2585 594 2662 facili
623 2613 816 2688 superare
846 2588 1002 2664 celsum

292 2730 453 2804 Labore
482 2728 645 2803 clivum.
703 2728 810 2821 ‚Quo
838 2728 955 2804 ruitis
983 2754 1115 2827 genus

292 2836 509 2912 MortaleP‘
540 2835 710 2910 summis
739 2835 902 2912 sedibus
931 2835 1106 2911 intonat.

346 2942 572 3033 ‚Promissa
601 2941 756 3016 dudum
785 2943 871 3044 (cur
899 2939 1060 3042 abitisl)

398 3048 574 3148 Templa
601 3055 748 3148 patent
775 3056 818 3124 et
845 3049 980 3125 amica
1007 3073 1121 3125 rura:
1416 3098 1438 3138 ‚0

292 3190 397 3283 Huc,
424 3191 505 3265 huc
533 3198 756 3289 vagantem
784 3191 918 3283 flecte,
949 3192 1107 3282 cohors,
1136 3191 1331 3291 gradum3

292 3298 432 3375 Virtus
460 3299 640 3391 docebit,
671 3323 753 3397 qua
780 3298 922 3374 venias
951 3298 1047 3373 via‘

346 3403 503 3479 Audita
531 3430 612 3479 vox
639 3412 748 3480 terra
777 3404 979 3505 marique:

402 3510 503 3601 Quis
532 3512 705 3586 memori
734 3512 849 3612 capit
877 3536 974 3587 aure
1003 3510 1139 3585 diota?

291 3653 497 3745 Erramus,
527 3653 656 3728 eheu!
686 3654 852 3729 tramite
878 3651 1036 3727 lubrico

292 3761 346 3836 Et
373 3761 455 3834 fine
484 3759 593 3835 tristi
621 3758 762 3836 fabula
790 3759 1008 3836 clauditur.

349 3867 460 3957 Quos
490 3872 603 3941 astra
632 3866 813 3943 ducunt?
843 3892 944 3966 quos
972 3865 1124 3940 favillis

401 3972 580 4049 Sidereis
608 3973 699 4073 pius
728 3975 848 4049 ardor
876 3972 982 4047 urit?

292 4117 529 4193 Laudamus
559 4140 701 4191 omnes
730 4117 884 4216 gaudia
911 4114 1115 4190 Caelitum

294 4226 347 4300 Et
374 4229 526 4299 terram
555 4247 742 4298 amamus
771 4249 865 4300 cum
893 4221 1016 4297 luteis
1045 4219 1161 4296 casis.

348 4332 381 4408 Ο
410 4333 531 4406 turba
560 4330 741 4423 demens,
772 4357 793 4407 1
822 4328 1025 4433 profundo

397 4439 489 4514 Non
517 4437 619 4512 libet
647 4436 842 4538 evigilare
871 4437 1047 4512 somno?

746 4649 905 4660 ——n
