<?xml version="1.0" encoding="UTF-8"?>
<!DOCTYPE html PUBLIC "-//W3C//DTD XHTML 1.0 Transitional//EN"
    "http://www.w3.org/TR/xhtml1/DTD/xhtml1-transitional.dtd">
<html xmlns="http://www.w3.org/1999/xhtml" xml:lang="en" lang="en">
 <head>
  <title>
</title>
<meta http-equiv="Content-Type" content="text/html;charset=utf-8" />
  <meta name='ocr-system' content='tesseract 3.04.00' />
  <meta name='ocr-capabilities' content='ocr_page ocr_carea ocr_par ocr_line ocrx_word'/>
</head>
<body>
  <div class='ocr_page' id='page_1' title='image "./psimonrettenbac00lehngoog/psimonrettenbac00lehngoog_0278.png"; bbox 0 0 3164 5154; ppageno 0'>
   <div class='ocr_carea' id='block_1_1' title="bbox 670 536 750 602">
    <p class='ocr_par' dir='ltr' id='par_1_1' title="bbox 670 536 750 602">
     <span class='ocr_line' id='line_1_1' title="bbox 670 536 750 602; baseline 0 -1"><span class='ocrx_word' id='word_1_1' title='bbox 670 536 750 602; x_wconf 91' lang='lat' dir='ltr'>XV.</span> 
     </span>
    </p>
   </div>
   <div class='ocr_carea' id='block_1_2' title="bbox 242 730 1130 831">
    <p class='ocr_par' dir='ltr' id='par_1_2' title="bbox 242 730 1130 831">
     <span class='ocr_line' id='line_1_2' title="bbox 242 730 1130 831; baseline 0.006 -5"><span class='ocrx_word' id='word_1_2' title='bbox 242 730 245 737; x_wconf 83' lang='lat'>&#39;</span> <span class='ocrx_word' id='word_1_3' title='bbox 287 748 483 827; x_wconf 79' lang='lat' dir='ltr'>nonno</span> <span class='ocrx_word' id='word_1_4' title='bbox 513 749 912 829; x_wconf 75' lang='lat' dir='ltr'>mmmcemrs</span> <span class='ocrx_word' id='word_1_5' title='bbox 940 752 1130 831; x_wconf 76' lang='lat' dir='ltr'>verm.</span> 
     </span>
    </p>
   </div>
   <div class='ocr_carea' id='block_1_3' title="bbox 175 962 1340 3726">
    <p class='ocr_par' dir='ltr' id='par_1_3' title="bbox 176 962 1325 1061">
     <span class='ocr_line' id='line_1_3' title="bbox 176 962 1325 1061; baseline 0.002 -23"><span class='ocrx_word' id='word_1_6' title='bbox 176 963 426 1061; x_wconf 87' lang='lat' dir='ltr'>Numquam,</span> <span class='ocrx_word' id='word_1_7' title='bbox 457 962 609 1037; x_wconf 90' lang='lat' dir='ltr'>munde</span> <span class='ocrx_word' id='word_1_8' title='bbox 637 962 772 1056; x_wconf 90' lang='lat' dir='ltr'>miser,</span> <span class='ocrx_word' id='word_1_9' title='bbox 801 968 898 1038; x_wconf 87' lang='lat' dir='ltr'>tuae</span> <span class='ocrx_word' id='word_1_10' title='bbox 1201 980 1252 1036; x_wconf 82' lang='lat' dir='ltr'>fol.</span> <span class='ocrx_word' id='word_1_11' title='bbox 1270 983 1325 1040; x_wconf 65' lang='lat'>92²·</span> 
     </span>
    </p>

    <p class='ocr_par' dir='ltr' id='par_1_4' title="bbox 177 1069 1114 1276">
     <span class='ocr_line' id='line_1_4' title="bbox 283 1069 1114 1169; baseline 0.006 -27"><span class='ocrx_word' id='word_1_12' title='bbox 283 1069 513 1169; x_wconf 82' lang='lat' dir='ltr'>Explerunt</span> <span class='ocrx_word' id='word_1_13' title='bbox 539 1069 725 1144; x_wconf 91' lang='lat' dir='ltr'>animum</span> <span class='ocrx_word' id='word_1_14' title='bbox 754 1069 928 1147; x_wconf 83' lang='lat' dir='ltr'>deliciae</span> <span class='ocrx_word' id='word_1_15' title='bbox 955 1079 1114 1147; x_wconf 89' lang='lat' dir='ltr'>meum!</span> 
     </span>
     <span class='ocr_line' id='line_1_5' title="bbox 177 1175 898 1276; baseline 0.004 -27"><span class='ocrx_word' id='word_1_16' title='bbox 177 1176 385 1266; x_wconf 83' lang='lat' dir='ltr'>Quantam</span> <span class='ocrx_word' id='word_1_17' title='bbox 413 1199 591 1276; x_wconf 90' lang='lat' dir='ltr'>poenam</span> <span class='ocrx_word' id='word_1_18' title='bbox 619 1175 663 1250; x_wconf 93' lang='lat' dir='ltr'>in</span> <span class='ocrx_word' id='word_1_19' title='bbox 691 1176 898 1252; x_wconf 85' lang='lat' dir='ltr'>amoribus</span> 
     </span>
    </p>

    <p class='ocr_par' dir='ltr' id='par_1_5' title="bbox 177 1281 1339 1487">
     <span class='ocr_line' id='line_1_6' title="bbox 282 1281 1339 1382; baseline 0.008 -28"><span class='ocrx_word' id='word_1_20' title='bbox 282 1282 337 1358; x_wconf 85' lang='lat' dir='ltr'>Et</span> <span class='ocrx_word' id='word_1_21' title='bbox 365 1288 565 1380; x_wconf 88' lang='lat' dir='ltr'>quantum</span> <span class='ocrx_word' id='word_1_22' title='bbox 594 1282 728 1382; x_wconf 88' lang='lat' dir='ltr'>reperi</span> <span class='ocrx_word' id='word_1_23' title='bbox 757 1281 911 1359; x_wconf 89' lang='lat' dir='ltr'>fastum</span> <span class='ocrx_word' id='word_1_24' title='bbox 933 1283 978 1359; x_wconf 87' lang='lat' dir='ltr'>in</span> <span class='ocrx_word' id='word_1_25' title='bbox 1005 1285 1244 1362; x_wconf 85' lang='lat' dir='ltr'>honoribus!</span> <span class='ocrx_word' id='word_1_26' title='bbox 1325 1325 1339 1362; x_wconf 68' lang='lat' dir='ltr'>r</span> 
     </span>
     <span class='ocr_line' id='line_1_7' title="bbox 177 1387 751 1487; baseline -0.002 -23"><span class='ocrx_word' id='word_1_27' title='bbox 177 1387 299 1487; x_wconf 84' lang='lat' dir='ltr'>Cepit</span> <span class='ocrx_word' id='word_1_28' title='bbox 325 1388 396 1461; x_wconf 86' lang='lat' dir='ltr'>lux</span> <span class='ocrx_word' id='word_1_29' title='bbox 425 1388 552 1464; x_wconf 87' lang='lat' dir='ltr'>oeulis</span> <span class='ocrx_word' id='word_1_30' title='bbox 580 1388 751 1481; x_wconf 87' lang='lat' dir='ltr'>micans,</span> 
     </span>
    </p>

    <p class='ocr_par' dir='ltr' id='par_1_6' title="bbox 179 1494 1145 1700">
     <span class='ocr_line' id='line_1_8' title="bbox 282 1494 1145 1598; baseline 0.006 -30"><span class='ocrx_word' id='word_1_31' title='bbox 282 1494 477 1571; x_wconf 86' lang='lat' dir='ltr'>Lactavit</span> <span class='ocrx_word' id='word_1_32' title='bbox 505 1494 654 1570; x_wconf 81' lang='lat' dir='ltr'>dubiae</span> <span class='ocrx_word' id='word_1_33' title='bbox 683 1520 776 1595; x_wconf 87' lang='lat' dir='ltr'>spes</span> <span class='ocrx_word' id='word_1_34' title='bbox 806 1521 968 1598; x_wconf 90' lang='lat' dir='ltr'>quoque</span> <span class='ocrx_word' id='word_1_35' title='bbox 995 1499 1145 1598; x_wconf 85' lang='lat' dir='ltr'>regiae.</span> 
     </span>
     <span class='ocr_line' id='line_1_9' title="bbox 179 1600 757 1700; baseline 0.005 -26"><span class='ocrx_word' id='word_1_36' title='bbox 179 1601 270 1676; x_wconf 90' lang='lat' dir='ltr'>Non</span> <span class='ocrx_word' id='word_1_37' title='bbox 298 1625 365 1675; x_wconf 88' lang='lat' dir='ltr'>me</span> <span class='ocrx_word' id='word_1_38' title='bbox 394 1600 553 1677; x_wconf 88' lang='lat' dir='ltr'>detinet</span> <span class='ocrx_word' id='word_1_39' title='bbox 580 1602 757 1700; x_wconf 87' lang='lat' dir='ltr'>amplius</span> 
     </span>
    </p>

    <p class='ocr_par' dir='ltr' id='par_1_7' title="bbox 176 1708 1339 1890">
     <span class='ocr_line' id='line_1_10' title="bbox 281 1708 1339 1788; baseline 0.007 -7"><span class='ocrx_word' id='word_1_40' title='bbox 281 1708 429 1782; x_wconf 85' lang='lat' dir='ltr'>Fallax</span> <span class='ocrx_word' id='word_1_41' title='bbox 457 1733 573 1783; x_wconf 89' lang='lat' dir='ltr'>aura:</span> <span class='ocrx_word' id='word_1_42' title='bbox 604 1709 759 1783; x_wconf 89' lang='lat' dir='ltr'>malum</span> <span class='ocrx_word' id='word_1_43' title='bbox 787 1715 930 1785; x_wconf 88' lang='lat' dir='ltr'>nostra</span> <span class='ocrx_word' id='word_1_44' title='bbox 958 1711 1068 1786; x_wconf 87' lang='lat' dir='ltr'>salus</span> <span class='ocrx_word' id='word_1_45' title='bbox 1094 1709 1183 1786; x_wconf 87' lang='lat' dir='ltr'>fuit.</span> <span class='ocrx_word' id='word_1_46' title='bbox 1326 1748 1339 1788; x_wconf 71' lang='grc' dir='ltr'><strong>ε</strong></span> 
     </span>
     <span class='ocr_line' id='line_1_11' title="bbox 176 1814 709 1890; baseline -0.002 -2"><span class='ocrx_word' id='word_1_47' title='bbox 176 1814 258 1888; x_wconf 93' lang='lat' dir='ltr'>Pro</span> <span class='ocrx_word' id='word_1_48' title='bbox 290 1814 397 1888; x_wconf 85' lang='lat' dir='ltr'>euris</span> <span class='ocrx_word' id='word_1_49' title='bbox 425 1814 565 1890; x_wconf 88' lang='lat' dir='ltr'>vetitis</span> <span class='ocrx_word' id='word_1_50' title='bbox 594 1814 709 1888; x_wconf 91' lang='lat' dir='ltr'>humi</span> 
     </span>
    </p>

    <p class='ocr_par' dir='ltr' id='par_1_8' title="bbox 176 1920 1186 2126">
     <span class='ocr_line' id='line_1_12' title="bbox 282 1920 1186 2023; baseline 0.004 -29"><span class='ocrx_word' id='word_1_51' title='bbox 282 1921 445 1995; x_wconf 85' lang='lat' dir='ltr'>Montes</span> <span class='ocrx_word' id='word_1_52' title='bbox 474 1920 673 1996; x_wconf 82' lang='lat' dir='ltr'>sollicitas</span> <span class='ocrx_word' id='word_1_53' title='bbox 702 1928 804 2022; x_wconf 92' lang='lat' dir='ltr'>quot</span> <span class='ocrx_word' id='word_1_54' title='bbox 830 1922 947 1997; x_wconf 87' lang='lat' dir='ltr'>labor</span> <span class='ocrx_word' id='word_1_55' title='bbox 976 1924 1186 2023; x_wconf 87' lang='lat' dir='ltr'>opprimit!</span> 
     </span>
     <span class='ocr_line' id='line_1_13' title="bbox 176 2027 723 2126; baseline 0.002 -24"><span class='ocrx_word' id='word_1_56' title='bbox 176 2027 326 2103; x_wconf 88' lang='lat' dir='ltr'>Vultus</span> <span class='ocrx_word' id='word_1_57' title='bbox 355 2027 568 2126; x_wconf 83' lang='lat' dir='ltr'>egregium</span> <span class='ocrx_word' id='word_1_58' title='bbox 597 2028 723 2104; x_wconf 83' lang='lat' dir='ltr'>decus</span> 
     </span>
    </p>

    <p class='ocr_par' dir='ltr' id='par_1_9' title="bbox 176 2133 1155 2340">
     <span class='ocr_line' id='line_1_14' title="bbox 282 2133 1155 2237; baseline 0.005 -29"><span class='ocrx_word' id='word_1_59' title='bbox 282 2133 487 2210; x_wconf 81' lang='lat' dir='ltr'>Monstrat</span> <span class='ocrx_word' id='word_1_60' title='bbox 513 2133 732 2210; x_wconf 86' lang='lat' dir='ltr'>laetitiam:</span> <span class='ocrx_word' id='word_1_61' title='bbox 762 2134 1009 2235; x_wconf 83' lang='lat' dir='ltr'>supplicium</span> <span class='ocrx_word' id='word_1_62' title='bbox 1036 2136 1155 2237; x_wconf 82' lang='lat' dir='ltr'>parit.</span> 
     </span>
     <span class='ocr_line' id='line_1_15' title="bbox 176 2239 709 2340; baseline 0.004 -25"><span class='ocrx_word' id='word_1_63' title='bbox 176 2239 310 2315; x_wconf 84' lang='lat' dir='ltr'>Aulae</span> <span class='ocrx_word' id='word_1_64' title='bbox 338 2239 566 2340; x_wconf 84' lang='lat' dir='ltr'>naufragiis</span> <span class='ocrx_word' id='word_1_65' title='bbox 595 2265 709 2317; x_wconf 89' lang='lat' dir='ltr'>mare</span> 
     </span>
    </p>

    <p class='ocr_par' dir='ltr' id='par_1_10' title="bbox 176 2346 1034 2553">
     <span class='ocr_line' id='line_1_16' title="bbox 283 2346 1034 2424; baseline 0.005 -4"><span class='ocrx_word' id='word_1_66' title='bbox 283 2347 357 2422; x_wconf 83' lang='lat' dir='ltr'>Est</span> <span class='ocrx_word' id='word_1_67' title='bbox 383 2346 559 2424; x_wconf 84' lang='lat' dir='ltr'>infame:</span> <span class='ocrx_word' id='word_1_68' title='bbox 588 2348 713 2423; x_wconf 90' lang='lat' dir='ltr'>fidem</span> <span class='ocrx_word' id='word_1_69' title='bbox 742 2372 843 2422; x_wconf 87' lang='lat' dir='ltr'>saxa</span> <span class='ocrx_word' id='word_1_70' title='bbox 860 2348 1034 2424; x_wconf 87' lang='lat' dir='ltr'>latentia</span> 
     </span>
     <span class='ocr_line' id='line_1_17' title="bbox 176 2452 920 2553; baseline 0.005 -27"><span class='ocrx_word' id='word_1_71' title='bbox 176 2452 270 2527; x_wconf 92' lang='lat' dir='ltr'>Non</span> <span class='ocrx_word' id='word_1_72' title='bbox 298 2459 524 2553; x_wconf 86' lang='lat' dir='ltr'>praestant,</span> <span class='ocrx_word' id='word_1_73' title='bbox 556 2454 682 2529; x_wconf 88' lang='lat' dir='ltr'>subiti</span> <span class='ocrx_word' id='word_1_74' title='bbox 711 2462 784 2530; x_wconf 88' lang='lat' dir='ltr'>aut</span> <span class='ocrx_word' id='word_1_75' title='bbox 810 2454 920 2530; x_wconf 90' lang='lat' dir='ltr'>Noti.</span> 
     </span>
    </p>

    <p class='ocr_par' dir='ltr' id='par_1_11' title="bbox 175 2559 1340 2767">
     <span class='ocr_line' id='line_1_18' title="bbox 282 2559 1340 2663; baseline 0.001 -29"><span class='ocrx_word' id='word_1_76' title='bbox 282 2559 403 2636; x_wconf 84' lang='lat' dir='ltr'>Multi</span> <span class='ocrx_word' id='word_1_77' title='bbox 431 2560 475 2634; x_wconf 91' lang='lat' dir='ltr'>in</span> <span class='ocrx_word' id='word_1_78' title='bbox 502 2560 727 2660; x_wconf 83' lang='lat' dir='ltr'>perniciem</span> <span class='ocrx_word' id='word_1_79' title='bbox 755 2561 848 2636; x_wconf 87' lang='lat' dir='ltr'>vela</span> <span class='ocrx_word' id='word_1_80' title='bbox 876 2586 993 2638; x_wconf 90' lang='lat' dir='ltr'>suam</span> <span class='ocrx_word' id='word_1_81' title='bbox 1014 2562 1243 2663; x_wconf 83' lang='lat' dir='ltr'>explicant:</span> <span class='ocrx_word' id='word_1_82' title='bbox 1315 2597 1340 2635; x_wconf 68' lang='grc' dir='ltr'>ω</span> 
     </span>
     <span class='ocr_line' id='line_1_19' title="bbox 175 2666 867 2767; baseline 0.001 -26"><span class='ocrx_word' id='word_1_83' title='bbox 175 2667 326 2742; x_wconf 88' lang='lat' dir='ltr'>Portus</span> <span class='ocrx_word' id='word_1_84' title='bbox 355 2666 572 2767; x_wconf 84' lang='lat' dir='ltr'>praecipiti</span> <span class='ocrx_word' id='word_1_85' title='bbox 599 2667 643 2741; x_wconf 89' lang='lat' dir='ltr'>in</span> <span class='ocrx_word' id='word_1_86' title='bbox 670 2668 762 2742; x_wconf 87' lang='lat' dir='ltr'>loeo</span> <span class='ocrx_word' id='word_1_87' title='bbox 792 2673 867 2742; x_wconf 88' lang='lat' dir='ltr'>est.</span> 
     </span>
    </p>

    <p class='ocr_par' dir='ltr' id='par_1_12' title="bbox 178 2773 1156 2955">
     <span class='ocr_line' id='line_1_20' title="bbox 283 2773 1156 2874; baseline 0.003 -27"><span class='ocrx_word' id='word_1_88' title='bbox 283 2773 458 2872; x_wconf 85' lang='lat' dir='ltr'>Frangit</span> <span class='ocrx_word' id='word_1_89' title='bbox 486 2797 610 2874; x_wconf 85' lang='lat' dir='ltr'>saepe</span> <span class='ocrx_word' id='word_1_90' title='bbox 638 2775 734 2874; x_wconf 91' lang='lat' dir='ltr'>polo</span> <span class='ocrx_word' id='word_1_91' title='bbox 765 2774 947 2850; x_wconf 86' lang='lat' dir='ltr'>culmina</span> <span class='ocrx_word' id='word_1_92' title='bbox 974 2773 1156 2850; x_wconf 87' lang='lat' dir='ltr'>fulminis</span> 
     </span>
     <span class='ocr_line' id='line_1_21' title="bbox 178 2879 673 2955; baseline 0.002 -1"><span class='ocrx_word' id='word_1_93' title='bbox 178 2879 252 2954; x_wconf 90' lang='lat' dir='ltr'>Vis</span> <span class='ocrx_word' id='word_1_94' title='bbox 282 2879 473 2954; x_wconf 88' lang='lat' dir='ltr'>sublimia</span> <span class='ocrx_word' id='word_1_95' title='bbox 499 2880 673 2955; x_wconf 87' lang='lat' dir='ltr'>turrium</span> 
     </span>
    </p>

    <p class='ocr_par' dir='ltr' id='par_1_13' title="bbox 179 2984 1101 3185">
     <span class='ocr_line' id='line_1_22' title="bbox 284 2984 1101 3085; baseline 0.004 -25"><span class='ocrx_word' id='word_1_96' title='bbox 284 2984 349 3060; x_wconf 84' lang='lat' dir='ltr'>Ao</span> <span class='ocrx_word' id='word_1_97' title='bbox 378 3010 551 3085; x_wconf 88' lang='lat' dir='ltr'>quereus</span> <span class='ocrx_word' id='word_1_98' title='bbox 578 2985 688 3062; x_wconf 87' lang='lat' dir='ltr'>foliis</span> <span class='ocrx_word' id='word_1_99' title='bbox 716 2986 848 3062; x_wconf 90' lang='lat' dir='ltr'>nudat</span> <span class='ocrx_word' id='word_1_100' title='bbox 876 2994 919 3062; x_wconf 91' lang='lat' dir='ltr'>et</span> <span class='ocrx_word' id='word_1_101' title='bbox 945 2987 1101 3064; x_wconf 81' lang='lat' dir='ltr'>atten‘t:</span> 
     </span>
     <span class='ocr_line' id='line_1_23' title="bbox 179 3092 855 3185; baseline 0 -16"><span class='ocrx_word' id='word_1_102' title='bbox 179 3093 261 3169; x_wconf 86' lang='lat' dir='ltr'>Sed</span> <span class='ocrx_word' id='word_1_103' title='bbox 290 3118 382 3167; x_wconf 88' lang='lat' dir='ltr'>eum</span> <span class='ocrx_word' id='word_1_104' title='bbox 413 3092 558 3168; x_wconf 87' lang='lat' dir='ltr'>dextra</span> <span class='ocrx_word' id='word_1_105' title='bbox 585 3099 707 3169; x_wconf 90' lang='lat' dir='ltr'>tonat</span> <span class='ocrx_word' id='word_1_106' title='bbox 732 3094 855 3185; x_wconf 88' lang='lat' dir='ltr'>Iovis,</span> 
     </span>
    </p>

    <p class='ocr_par' dir='ltr' id='par_1_14' title="bbox 178 3199 1195 3405">
     <span class='ocr_line' id='line_1_24' title="bbox 284 3199 1195 3297; baseline 0.005 -25"><span class='ocrx_word' id='word_1_107' title='bbox 284 3199 377 3273; x_wconf 86' lang='lat' dir='ltr'>Non</span> <span class='ocrx_word' id='word_1_108' title='bbox 406 3199 530 3297; x_wconf 88' lang='lat' dir='ltr'>myrti</span> <span class='ocrx_word' id='word_1_109' title='bbox 558 3206 704 3275; x_wconf 90' lang='lat' dir='ltr'>tenues</span> <span class='ocrx_word' id='word_1_110' title='bbox 732 3226 810 3275; x_wconf 90' lang='lat' dir='ltr'>neo</span> <span class='ocrx_word' id='word_1_111' title='bbox 839 3201 984 3276; x_wconf 79' lang='lat' dir='ltr'>salices</span> <span class='ocrx_word' id='word_1_112' title='bbox 1012 3207 1195 3277; x_wconf 90' lang='lat' dir='ltr'>tremunt</span> 
     </span>
     <span class='ocr_line' id='line_1_25' title="bbox 178 3306 691 3405; baseline 0 -25"><span class='ocrx_word' id='word_1_113' title='bbox 178 3307 231 3380; x_wconf 84' lang='lat' dir='ltr'>Et</span> <span class='ocrx_word' id='word_1_114' title='bbox 260 3329 404 3380; x_wconf 88' lang='lat' dir='ltr'>secura</span> <span class='ocrx_word' id='word_1_115' title='bbox 433 3311 548 3381; x_wconf 92' lang='lat' dir='ltr'>tenet</span> <span class='ocrx_word' id='word_1_116' title='bbox 576 3306 691 3405; x_wconf 91' lang='lat' dir='ltr'>quies</span> 
     </span>
    </p>

    <p class='ocr_par' dir='ltr' id='par_1_15' title="bbox 178 3412 1045 3618">
     <span class='ocr_line' id='line_1_26' title="bbox 285 3412 1045 3513; baseline 0.003 -28"><span class='ocrx_word' id='word_1_117' title='bbox 285 3412 479 3488; x_wconf 86' lang='lat' dir='ltr'>Pastores</span> <span class='ocrx_word' id='word_1_118' title='bbox 508 3413 652 3513; x_wconf 87' lang='lat' dir='ltr'>inopes</span> <span class='ocrx_word' id='word_1_119' title='bbox 680 3413 827 3488; x_wconf 80' lang='lat' dir='ltr'>vilibus</span> <span class='ocrx_word' id='word_1_120' title='bbox 855 3412 899 3487; x_wconf 92' lang='lat' dir='ltr'>in</span> <span class='ocrx_word' id='word_1_121' title='bbox 928 3413 1045 3490; x_wconf 82' lang='lat' dir='ltr'>casis.</span> 
     </span>
     <span class='ocr_line' id='line_1_27' title="bbox 178 3519 745 3618; baseline 0.004 -25"><span class='ocrx_word' id='word_1_122' title='bbox 178 3519 253 3593; x_wconf 80' lang='lat' dir='ltr'>Est</span> <span class='ocrx_word' id='word_1_123' title='bbox 281 3523 474 3594; x_wconf 78' lang='lat' dir='ltr'>constans</span> <span class='ocrx_word' id='word_1_124' title='bbox 502 3523 574 3594; x_wconf 87' lang='lat' dir='ltr'>tua</span> <span class='ocrx_word' id='word_1_125' title='bbox 602 3519 745 3618; x_wconf 87' lang='lat' dir='ltr'>gloria,</span> 
     </span>
    </p>

    <p class='ocr_par' dir='ltr' id='par_1_16' title="bbox 287 3623 1103 3726">
     <span class='ocr_line' id='line_1_28' title="bbox 287 3623 1103 3726; baseline 0.002 -26"><span class='ocrx_word' id='word_1_126' title='bbox 287 3623 484 3700; x_wconf 86' lang='lat' dir='ltr'>Seiunota</span> <span class='ocrx_word' id='word_1_127' title='bbox 512 3651 536 3700; x_wconf 88' lang='lat' dir='ltr'>a</span> <span class='ocrx_word' id='word_1_128' title='bbox 563 3626 706 3726; x_wconf 93' lang='lat' dir='ltr'>populi</span> <span class='ocrx_word' id='word_1_129' title='bbox 734 3625 822 3700; x_wconf 88' lang='lat' dir='ltr'>vita</span> <span class='ocrx_word' id='word_1_130' title='bbox 849 3627 1103 3702; x_wconf 79' lang='lat' dir='ltr'>tumultibus,</span> 
     </span>
    </p>
   </div>
   <div class='ocr_carea' id='block_1_4' title="bbox 179 3730 1342 4364">
    <p class='ocr_par' dir='ltr' id='par_1_17' title="bbox 179 3730 883 3832">
     <span class='ocr_line' id='line_1_29' title="bbox 179 3730 883 3832; baseline 0.001 -27"><span class='ocrx_word' id='word_1_131' title='bbox 179 3731 272 3807; x_wconf 90' lang='lat' dir='ltr'>Hoo</span> <span class='ocrx_word' id='word_1_132' title='bbox 299 3730 408 3805; x_wconf 89' lang='lat' dir='ltr'>inter</span> <span class='ocrx_word' id='word_1_133' title='bbox 434 3757 580 3807; x_wconf 87' lang='lat' dir='ltr'>nemus</span> <span class='ocrx_word' id='word_1_134' title='bbox 609 3741 734 3832; x_wconf 91' lang='lat' dir='ltr'>atque</span> <span class='ocrx_word' id='word_1_135' title='bbox 763 3757 883 3830; x_wconf 85' lang='lat' dir='ltr'>agros</span> 
     </span>
    </p>

    <p class='ocr_par' dir='ltr' id='par_1_18' title="bbox 179 3837 1342 4043">
     <span class='ocr_line' id='line_1_30' title="bbox 286 3837 1342 3939; baseline 0.002 -29"><span class='ocrx_word' id='word_1_136' title='bbox 286 3837 441 3913; x_wconf 85' lang='lat' dir='ltr'>Tristes</span> <span class='ocrx_word' id='word_1_137' title='bbox 471 3838 639 3914; x_wconf 86' lang='lat' dir='ltr'>exuvias</span> <span class='ocrx_word' id='word_1_138' title='bbox 667 3863 777 3938; x_wconf 92' lang='lat' dir='ltr'>pono</span> <span class='ocrx_word' id='word_1_139' title='bbox 807 3838 1031 3939; x_wconf 88' lang='lat' dir='ltr'>superbiae.</span> <span class='ocrx_word' id='word_1_140' title='bbox 1315 3873 1342 3912; x_wconf 75' lang='lat' dir='ltr'>u</span> 
     </span>
     <span class='ocr_line' id='line_1_31' title="bbox 179 3944 694 4043; baseline 0.004 -26"><span class='ocrx_word' id='word_1_141' title='bbox 179 3944 363 4020; x_wconf 82' lang='lat' dir='ltr'>Felicem</span> <span class='ocrx_word' id='word_1_142' title='bbox 392 3946 542 4043; x_wconf 85' lang='lat' dir='ltr'>gradus</span> <span class='ocrx_word' id='word_1_143' title='bbox 572 3945 694 4021; x_wconf 84' lang='lat' dir='ltr'>altior</span> 
     </span>
    </p>

    <p class='ocr_par' dir='ltr' id='par_1_19' title="bbox 180 4050 1110 4248">
     <span class='ocr_line' id='line_1_32' title="bbox 286 4050 1110 4146; baseline 0.001 -22"><span class='ocrx_word' id='word_1_144' title='bbox 286 4050 454 4125; x_wconf 92' lang='lat' dir='ltr'>Nullum</span> <span class='ocrx_word' id='word_1_145' title='bbox 482 4051 679 4146; x_wconf 80' lang='lat' dir='ltr'>reddidit3</span> <span class='ocrx_word' id='word_1_146' title='bbox 711 4058 774 4127; x_wconf 89' lang='lat' dir='ltr'>est</span> <span class='ocrx_word' id='word_1_147' title='bbox 802 4058 911 4127; x_wconf 86' lang='lat' dir='ltr'>sorte</span> <span class='ocrx_word' id='word_1_148' title='bbox 940 4051 1110 4144; x_wconf 87' lang='lat' dir='ltr'>beatior,</span> 
     </span>
     <span class='ocr_line' id='line_1_33' title="bbox 180 4156 819 4248; baseline 0.003 -18"><span class='ocrx_word' id='word_1_149' title='bbox 180 4156 260 4248; x_wconf 85' lang='lat' dir='ltr'>Qui</span> <span class='ocrx_word' id='word_1_150' title='bbox 288 4156 440 4232; x_wconf 80' lang='lat' dir='ltr'>fastum</span> <span class='ocrx_word' id='word_1_151' title='bbox 469 4158 663 4233; x_wconf 86' lang='lat' dir='ltr'>stolidum</span> <span class='ocrx_word' id='word_1_152' title='bbox 688 4159 819 4234; x_wconf 85' lang='lat' dir='ltr'>exuit:</span> 
     </span>
    </p>

    <p class='ocr_par' dir='ltr' id='par_1_20' title="bbox 287 4264 1340 4364">
     <span class='ocr_line' id='line_1_34' title="bbox 287 4264 1340 4364; baseline 0 -27"><span class='ocrx_word' id='word_1_153' title='bbox 287 4264 410 4340; x_wconf 86' lang='lat' dir='ltr'>Hune</span> <span class='ocrx_word' id='word_1_154' title='bbox 440 4265 509 4363; x_wconf 88' lang='lat' dir='ltr'>qui</span> <span class='ocrx_word' id='word_1_155' title='bbox 537 4291 622 4340; x_wconf 91' lang='lat' dir='ltr'>non</span> <span class='ocrx_word' id='word_1_156' title='bbox 645 4271 839 4356; x_wconf 82' lang='lat' dir='ltr'>removet,</span> <span class='ocrx_word' id='word_1_157' title='bbox 866 4264 1020 4364; x_wconf 86' lang='lat' dir='ltr'>gaudia</span> <span class='ocrx_word' id='word_1_158' title='bbox 1048 4265 1248 4339; x_wconf 87' lang='lat' dir='ltr'>deserunt.</span> <span class='ocrx_word' id='word_1_159' title='bbox 1315 4300 1340 4337; x_wconf 74' lang='lat'>³2</span> 
     </span>
    </p>
   </div>
   <div class='ocr_carea' id='block_1_5' title="bbox 0 0 1589 5154">
    <p class='ocr_par' dir='ltr' id='par_1_21' title="bbox 0 0 1589 5154">
     <span class='ocr_line' id='line_1_35' title="bbox 0 0 1589 5154; baseline 0 0"><span class='ocrx_word' id='word_1_160' title='bbox 0 0 1589 5154; x_wconf 95' lang='lat' dir='ltr'> </span> 
     </span>
    </p>
   </div>
  </div>
 </body>
</html>
