3164 5154
521 241 594 298 LIB.
614 242 664 300 VI.
683 243 799 299 21-24.

588 544 724 614 XXHL

326 759 568 838 OMNIBUS
595 760 981 839 LABORANDUM.

173 973 328 1050 Votum
357 972 529 1048 damnat
555 972 662 1048 iners
691 999 785 1048 cum
812 972 992 1049 lacrimis
1022 975 1286 1069 deus‚f0L126··

178 1080 222 1157 Si
250 1079 379 1181 pigris
406 1080 596 1154 manibus
626 1079 791 1156 divitias
819 1081 935 1181 petis,

230 1187 379 1262 Arnbis
408 1211 583 1286 magnus
611 1187 765 1280 haberi,

283 1294 491 1393 Effulgere
519 1292 716 1394 potentia.

178 1452 349 1530 Caelum
378 1453 524 1529 vendit
552 1453 661 1528 enim
691 1460 842 1529 cuncta
869 1453 1078 1530 laboribus

176 1561 263 1636 Nec
292 1560 517 1659 quidquam
547 1559 734 1636 tribuunt
760 1561 824 1637 his
854 1561 941 1636 sine
971 1561 1125 1637 sidera:

231 1667 353 1766 Figes
382 1667 496 1743 nulla
524 1668 734 1767 trophaea,

285 1775 390 1849 Cum
418 1798 601 1874 pugnam
630 1774 798 1850 timidus
826 1774 947 1874 fugis.

177 1935 382 2009 Mercator
409 1934 558 2033 pelago
589 1938 758 2010 carbasa
787 1937 952 2010 credere

179 2041 259 2130 Qui
287 2040 447 2130 vitabit,
479 2066 577 2140 opes
605 2067 690 2118 non
717 2043 888 2118 revehet
916 2042 1084 2118 domum

231 2148 328 2223 Eois
356 2149 501 2246 procul
531 2148 611 2223 oris

283 2254 571 2354 Phoebeisque
602 2256 816 2331 cubilibus,

179 2417 228 2491 In
257 2423 409 2491 terram
438 2441 512 2490 sua
541 2415 609 2515 qui
638 2415 796 2491 semina
825 2414 1030 2514 sparserit,

179 2523 231 2598 Ni
261 2546 428 2622 campos
458 2522 616 2598 steriles
646 2523 826 2598 excoluit
853 2522 976 2622 prius,
1147 2524 1150 2529 ⁴

233 2631 347 2704 Duro
376 2653 542 2704 vomere
570 2628 705 2728 fregit,

287 2737 435 2837 Spinas
465 2762 558 2811 cum
587 2736 747 2812 tribulis
777 2741 914 2810 metet.

183 2896 393 2972 Gaudebit
421 2897 561 2972 solidis
590 2897 725 2971 nullus
754 2895 990 2989 honoribus,

184 3002 316 3092 Quem
344 3028 428 3078 non
457 3004 638 3080 deseruit
664 3004 795 3103 turpis
823 3003 990 3097 inertia3

235 3111 328 3185 Non
358 3111 573 3186 contendit
601 3112 654 3185 ad
682 3112 778 3201 alte,

291 3217 371 3307 Qui
401 3218 616 3295 sudoribus
644 3218 836 3294 abstinet.

594 3764 727 3830 XXIV.

240 3981 511 4060 ERUDITAE
540 3978 869 4059 IUVENTUTIS
900 3977 1091 4056 LABOR.

187 4195 281 4270 Non
308 4196 484 4270 Flaccus
512 4195 672 4284 melius,
702 4193 977 4292 Melpomene,
1007 4191 1120 4266 canit
1147 4204 1198 4258 fol.
1219 4205 1289 4258 rur⁴

185 4303 405 4379 Formosus
434 4302 593 4377 iuvenis
622 4326 746 4399 quam
776 4299 992 4397 Strobylus
1021 4323 1147 4372 senex

188 4409 377 4486 Deformi
405 4410 550 4502 macie,
579 4408 761 4484 moribus
790 4405 947 4505 asperis

294 4519 349 4591 Et
376 4542 500 4593 rauco
531 4516 714 4591 citharae
744 4518 876 4588 sono?
