3218 5144
585 235 661 290 LIB.
679 236 702 291 I.
721 238 802 293 4-6.

260 433 528 532 Franguntur
556 433 725 508 tumidis
752 435 846 509 vela
873 433 1154 534 Aquilonibus

260 539 567 638 Antennaeque
595 547 769 638 gemunt
795 565 873 616 neo
900 549 1019 618 tenet
1046 566 1201 619 ancora

313 646 470 720 Alnurn
500 648 626 722 dente
654 646 793 722 tenaci

366 752 516 853 Ruptis
544 752 710 829 funibus
739 754 938 830 omnibus,

257 912 496 1011 Deprensus
526 911 662 987 dubiis
691 938 771 1012 quo
800 913 958 1012 poteris
988 914 1105 990 vadis

257 1018 424 1095 Evitare
451 1019 577 1095 modo
607 1017 725 1094 triste
753 1020 1011 1119 perieulum?

310 1125 476 1201 Flebis?
505 1126 688 1200 Numina
717 1127 841 1201 surda

364 1230 433 1306 Ad
461 1257 585 1307 voees
614 1232 887 1330 pereuntium.

256 1391 306 1465 In
333 1398 499 1489 portum
527 1390 666 1490 potius
694 1399 737 1466 te
763 1391 870 1467 refer
899 1417 924 1466 a
951 1391 1075 1468 minis

258 1498 467 1573 Commoti
496 1497 649 1597 pelagi:
681 1499 778 1572 dum
806 1499 916 1590 lieet,
950 1500 1085 1597 effuge

309 1604 497 1680 Prudens
525 1605 672 1679 limina
698 1631 843 1703 regum

362 1710 502 1810 Atque
528 1712 665 1786 intuta
693 1713 845 1786 dueum
873 1711 990 1787 atria.

255 1870 429 1945 Laetam
461 1870 572 1946 disee
602 1870 740 1946 animo
768 1870 1008 1972 pauperiem
1037 1873 1130 1970 pati

255 1977 309 2052 Et
336 2002 456 2052 curas
485 2003 628 2053 reseca
656 1979 790 2053 cordis
818 1978 998 2067 inutiles

313 2082 478 2182 Aegros
506 2110 614 2184 pone
644 2085 862 2160 turnultus:

368 2191 437 2267 Sic
464 2216 638 2290 regnum
666 2193 756 2291 ipse
785 2191 903 2266 dabis
931 2191 1019 2266 tibi.
1295 2244 1322 2284 u

656 2773 716 2840 VI.

384 2986 643 3064 FORTUNA
672 2987 741 3062 ET
771 2985 983 3064 CUPIDO.

264 3195 355 3286 Quo
376 3199 562 3273 Fortuna
591 3198 744 3273 trahit?
773 3223 853 3296 quo
874 3197 1048 3275 Veneris
1068 3224 1172 3298 puer
1210 3213 1260 3267 fol.
1279 3215 1315 3269 θ’·

261 3303 451 3380 Abducit
478 3305 686 3395 miserum,
718 3330 811 3380 care
839 3305 1122 3381 Menecrates?

262 3409 365 3500 Quis
395 3419 438 3487 te
467 3419 553 3486 tarn
584 3412 734 3486 validis
761 3411 936 3487 nexibus
966 3412 1145 3489 eximet?

369 3518 469 3608 Quis
498 3519 631 3593 solvet
658 3525 732 3594 tua
759 3519 950 3594 vincula?

262 3679 378 3753 Haeo
407 3677 515 3754 orbis
544 3678 650 3752 fatui
679 3679 863 3754 maxima
889 3680 1078 3756 numina:

263 3785 418 3860 Gentes
448 3784 672 3884 decipiunt,
702 3785 859 3860 retibus
888 3787 1109 3887 implicant

262 3891 541 3991 Insanamque
571 3899 713 3967 creant
739 3891 968 3991 perniciem
998 3895 1200 3987 omnibus,

369 3997 480 4088 Quos
509 3998 731 4097 prudentia
760 4000 923 4074 deserit.

264 4155 492 4231 Coniurata
520 4165 690 4233 movent
717 4158 875 4257 proelia
902 4158 1090 4252 fortibusr,

262 4262 417 4338 Virtuti
445 4264 596 4340 tacitas
624 4264 796 4340 insidias
824 4273 983 4364 parant,

263 4370 321 4446 Ut
349 4371 547 4469 praedam
576 4370 712 4447 subito
743 4371 910 4470 conipit
938 4373 1080 4448 abdita

371 4476 492 4551 Silvis
522 4477 607 4552 sive
637 4502 762 4577 specu
790 4478 918 4577 tigris.
