3164 5154
528 247 602 302 ΗΒ.
621 248 643 302 Ι.
661 248 776 305 23-25.

584 549 717 617 XXIV.

348 745 553 823 MORTIS
582 743 958 826 CONTEMPTUS.

176 959 374 1048 Tandem,
403 958 548 1050 Parca,
577 959 684 1049 veni,
713 959 784 1034 fila
812 985 907 1036 seca
934 985 1051 1037 meae
1142 975 1193 1032 fol.
1213 979 1265 1034 ⁷2¹·

176 1065 299 1140 Vitae
326 1065 454 1165 longa
482 1064 593 1155 satis,
624 1065 658 1140 si
685 1066 860 1142 vetitum
887 1074 1027 1142 tamen

175 1170 347 1247 Aeterni
374 1172 545 1272 imperio
574 1197 659 1246 non
687 1171 810 1248 fuerit
837 1173 984 1265 Patris,

282 1277 407 1355 Cuius
435 1279 604 1354 numine
634 1285 784 1355 cuncta
812 1287 923 1356 stant

175 1438 263 1513 Aut
289 1439 407 1537 lapsu
436 1438 479 1513 in
505 1442 697 1515 tenebras
729 1439 945 1540 praecipiti
972 1448 1106 1516 ruunt.

176 1546 268 1620 Non
296 1553 471 1621 mertem
500 1545 639 1637 timec,
669 1546 723 1621 sit
749 1546 849 1622 licet
875 1547 1042 1623 horrida

175 1652 369 1751 Aspectu‚
395 1651 503 1728 facie
531 1652 658 1728 livida
685 1659 728 1728 et
756 1654 914 1729 ossibus

282 1759 490 1835 Maestum
518 1759 632 1834 larva
661 1761 935 1860 crepantibus.

175 1919 305 1995 Felici
333 1918 516 2018 auspicio
544 1918 727 2019 Virginis
757 1927 821 1995 ast
847 1919 951 1997 libet

176 2027 324 2102 Terras
353 2027 538 2102 deserere
568 2033 611 2101 et
638 2025 772 2102 sidera
800 2027 1013 2104 scandere:

177 2134 292 2209 Haec
321 2132 375 2207 sit
393 2131 587 2223 subsidic,
607 2133 794 2233 porrigat
820 2134 925 2210 haec
954 2160 1133 2227 manum,

282 2240 344 2315 Ne
372 2240 481 2340 turpi
515 2241 732 2340 opprobrio
763 2240 921 2316 cadam.

178 2399 368 2499 Supremi
396 2398 535 2475 faveat
563 2400 697 2498 gratia
726 2400 759 2474 si
790 2400 855 2475 dei

177 2507 230 2580 Et
257 2506 292 2580 si
318 2513 451 2582 mater
478 2530 598 2606 opem
626 2510 823 2606 praebeat
851 2507 1019 2607 optima,

177 2614 400 2689 Eluctabor
418 2612 462 2687 in
480 2614 620 2705 altum,
637 2614 747 2688 haud
766 2619 949 2689 metuam
964 2614 1135 2714 Stygem

283 2719 372 2794 Aut
398 2721 618 2796 latrantem
646 2720 764 2796 Erebi
795 2745 951 2796 canem.
1259 2775 1285 2814 ,ss

178 2880 318 2955 Tellus
346 2878 465 2978 nigra
493 2881 595 2973 vale,
622 2906 688 2955 me
716 2880 858 2956 nitidis
886 2880 1004 2980 polus

177 2988 354 3062 Laetum
383 2986 580 3086 suscipiet
606 2987 781 3063 sedibus.
812 2987 872 3062 At
898 2987 994 3062 novi

180 3092 289 3183 Quid
317 3095 465 3169 cerno?
492 3093 658 3169 niveum
687 3101 824 3169 mutor
851 3094 895 3169 in
923 3095 1091 3170 alitem?

289 3198 467 3276 Caelesti
497 3200 631 3276 socier
658 3201 808 3276 choro?

474 3993 636 4073 PAUCI
673 3994 839 4073 AMICI.

183 4204 383 4282 Omnibus
411 4211 573 4306 praebe,
602 4207 788 4298 Meliten,
818 4207 1018 4306 benignas
1150 4222 1199 4276 fol.
1218 4223 1273 4279 72¹·

184 4310 354 4413 Semper
383 4338 501 4389 aures
529 4340 579 4389 ac
607 4312 751 4389 faciles
781 4314 934 4403 amicis

183 4419 400 4496 Neminem
427 4421 535 4496 tristi
564 4422 704 4520 cupias
734 4424 906 4521 superbe

289 4527 474 4604 Laedere
502 4528 629 4603 vultu.
