3164 5154
704 274 911 332 SILVARUII

332 476 531 554 Omnibus
560 475 690 552 fastus
719 475 865 550 studiis
895 476 1108 553 adhaeret:

331 586 539 683 Pauperes
567 590 684 659 vates
712 582 813 658 lieet
841 589 965 682 atque
994 583 1115 681 egeni

329 692 515 767 Efferunt
543 716 599 781 se,
630 689 857 767 Caelitibus
886 689 1106 791 propinqui

435 798 612 873 Nectare
640 797 796 873 vivrmt.

329 956 501 1031 Interim
529 981 613 1032 non
642 982 739 1033 eura
765 956 994 1032 modestiae
1022 981 1215 1056 usquam:

329 1065 435 1140 Cum
461 1071 603 1140 tamen
629 1065 835 1164 nymphas
861 1064 1040 1164 reliquas
1069 1064 1234 1139 decenti

329 1171 483 1246 Vincat
509 1172 614 1246 haee
642 1170 785 1262 forma,
814 1171 979 1272 placeat
1005 1168 1141 1246 nit'ore

436 1278 568 1352 Duloe
596 1278 787 1354 trahenti.

331 1436 510 1513 Castitas
537 1438 750 1538 praeclara
778 1437 953 1536 quidem,
980 1438 1052 1512 sed
1081 1439 1234 1536 absque

330 1546 421 1620 Hae
448 1544 558 1620 iaoet
587 1550 843 1643 contempta:
876 1551 917 1620 et
944 1568 1122 1621 amoena
1148 1544 1283 1620 Pallas

332 1651 564 1750 Spemitur;
594 1652 637 1726 ni
667 1651 722 1727 sit
749 1676 887 1728 eomes
915 1652 1015 1751 ipsa
1043 1650 1180 1727 fumus

437 1759 578 1857 Surgit
606 1765 649 1834 et
676 1784 798 1834 error.

729 2083 862 2090 ..-——--—
882 2083 885 2087 ·

763 2342 860 2406 XIII.

370 2554 678 2632 CONVERSIO
707 2556 747 2631 S.
777 2556 933 2634 PAULI
963 2557 1240 2636 APOSTOLI.

330 2785 483 2859 Paulus
512 2784 555 2858 in
584 2784 753 2859 eaedem
780 2787 1030 2885 properabat
1056 2785 1218 2863 ardens:
1281 2802 1329 2857 fol.
1347 2802 1403 2856 1542·

330 2891 398 2966 Ad
425 2915 571 2965 necem
601 2892 803 2968 suadebat
830 2918 947 2970 amor
973 2899 1161 2970 vetustae

329 2998 454 3097 Legis
483 3004 525 3072 et
552 3022 701 3073 eaeous
726 3023 872 3098 repere
900 2999 1143 3076 innoeentes

435 3105 619 3204 Impetus
647 3105 743 3180 irae.

333 3263 441 3338 Vera
469 3264 503 3338 si
533 3289 634 3362 quos
662 3264 808 3363 religio
837 3268 1017 3342 vocabat

331 3369 399 3444 Ad
429 3370 570 3446 Crueis
598 3372 762 3462 vexilla,
792 3373 900 3446 trahi
928 3374 1096 3448 volebat

330 3477 515 3552 Vinoulis
544 3479 597 3552 ad
624 3479 870 3579 supplicium
899 3480 964 3555 vel
992 3487 1080 3556 arto

436 3585 611 3661 Caruere
641 3586 790 3660 claudi.

329 3745 422 3819 Non
450 3745 547 3821 tulit
573 3751 737 3820 tantum
764 3745 966 3821 Dominus
992 3754 1215 3823 tumorem:

331 3850 453 3927 Clara
479 3854 550 3926 lux
578 3851 731 3927 deiecit
759 3877 864 3950 equo
892 3852 1084 3944 ferocem,

329 3959 470 4034 Densa
499 3959 604 4033 sedit
630 3985 713 4034 nox
742 3960 870 4034 oeulis
899 3966 942 4035 et
969 3962 1068 4035 atris

436 4065 591 4139 Imbuit
618 4066 783 4141 umbris.

331 4224 505 4323 Erigunt
531 4224 700 4300 tandem
728 4226 915 4302 comites:
944 4226 1140 4302 Damasei

331 4331 452 4410 Urbis
480 4331 674 4429 antiquae
704 4334 881 4407 subeunt
907 4341 1089 4432 penates.

331 4439 411 4512 Hie
438 4438 560 4512 fidem
591 4438 743 4514 Christi
773 4439 926 4534 didicit,
954 4440 1096 4516 salutis

436 4544 565 4620 Lotus
594 4551 636 4620 et
662 4547 783 4622 unda.
