3164 5154
572 217 647 273 LIB.
665 217 705 274 11.
723 218 803 275 2-8.

265 416 464 508 Quisnam
490 417 649 494 ferendi
676 414 846 492 subsidii
875 441 1033 492 memor

265 523 437 601 Sanotas
467 525 519 600 ad
549 549 639 601 aras
666 549 739 625 pro
768 523 927 599 miseris
954 523 1072 599 litat?

317 631 419 721 Quis
446 631 620 732 pauperi
647 630 821 730 largitur
848 654 1005 721 aurum,

370 739 427 817 Ut
453 763 556 839 pyra
580 736 832 813 diminuatur
860 739 1006 813 atrox?

263 879 362 956 Nati
390 881 573 980 sepultos
602 878 836 980 despiciunt
862 885 1011 980 patres,

263 987 353 1062 Etsi
381 987 621 1086 relinquant
646 986 882 1062 innumeras
911 1010 1010 1086 opes

317 1093 457 1193 Atque
485 1093 668 1170 omniurn
688 1093 858 1169 heredes
887 1095 1089 1169 bonorum

370 1200 598 1277 Instituant
624 1199 862 1276 vehementi
890 1223 1042 1275 amore.

264 1344 347 1419 Pro
374 1348 507 1419 matre
534 1342 671 1418 fundit
696 1367 775 1419 neo
804 1341 876 1443 pia
901 1342 995 1434 filia,

266 1449 323 1526 Ut
349 1475 433 1550 par,
463 1450 647 1526 calentes
676 1449 871 1550 obsequio
899 1474 1057 1550 preces,

319 1556 476 1633 Ornata
504 1562 690 1656 quamvis
719 1557 773 1633 sit
800 1555 951 1659 lapillis

370 1664 424 1739 ut
449 1663 572 1762 Tyrio
602 1664 831 1740 cumuletur
859 1672 982 1740 ostro,

267 1804 300 1879 O
328 1805 428 1882 mite
455 1832 621 1897 numen,
651 1806 808 1882 solvere
836 1831 912 1882 nos
940 1807 1043 1882 velis

265 1912 381 1986 Nexu
409 1913 559 2006 tenaci,
589 1913 761 1989 victima
788 1913 823 1989 si
852 1938 970 1989 sacra

320 2019 493 2120 Templo
523 2020 730 2111 offeratur,
760 2020 796 2094 si
822 2018 1056 2096 innocentis

372 2126 456 2203 Nos
484 2126 663 2202 redimat
688 2125 858 2203 Domini
887 2152 1041 2204 cruore.

268 2268 350 2344 Sed
377 2294 491 2344 rarus
519 2296 625 2346 usus.
657 2269 830 2345 Decutis
859 2272 1004 2346 arbore

266 2377 397 2450 Poma
426 2381 468 2451 et
489 2376 655 2469 recedis,
683 2376 834 2452 damna
851 2401 929 2452 neo
950 2375 1115 2476 aspicis:

321 2481 389 2558 Sic
417 2507 514 2558 eura
540 2509 625 2558 non
653 2483 770 2582 angit
796 2488 1026 2584 parentum,

373 2589 603 2666 Commoda
631 2588 700 2688 qui
726 2591 903 2665 retulere
931 2588 1076 2690 prima.

268 2729 310 2805 Si
339 2733 477 2831 lapsus
506 2739 616 2807 esset
641 2733 715 2807 bos
743 2738 837 2806 tuus
865 2731 908 2805 in
935 2731 1085 2825 laeum,

267 2838 525 2914 Adnitereris
555 2838 704 2914 ducere
732 2836 897 2913 funibus

321 2945 525 3045 Campum
544 2945 587 3021 in
602 2950 833 3045 patentem3
854 2952 1003 3043 stagna
1020 2942 1198 3021 flammis

373 3051 458 3127 Nos
485 3052 615 3152 piceis
641 3051 823 3127 retinent
856 3056 1088 3150 gementes:

268 3193 474 3270 Submitte
500 3219 647 3285 rorem,
677 3193 746 3292 qui
771 3192 932 3269 minuat
958 3217 1117 3293 rogum,

268 3300 473 3398 Extingue
502 3300 601 3376 fletu
629 3300 871 3400 sulphureos
901 3300 1057 3399 globos,

321 3407 517 3482 Diffunde
545 3407 686 3482 vinum
714 3432 789 3506 per
816 3407 1005 3507 sepulcra

373 3515 428 3589 Et
454 3513 575 3589 niveo
603 3537 799 3589 venerare
826 3539 942 3614 pane.

268 3660 424 3734 liersos
452 3658 653 3758 profundo
690 3659 748 3733 sio
776 3665 900 3758 puteo
931 3657 1120 3733 extrahes

269 3767 411 3840 Manes
440 3765 607 3857 amieos,
638 3766 802 3841 sedibus
831 3789 987 3841 asseres

323 3871 523 3947 Caelestis
552 3874 679 3964 aulae,
708 3897 788 3972 quo
818 3871 965 3971 cupido

377 3979 546 4054 Summa
573 3985 698 4055 vocat
725 3978 861 4080 patria
888 3984 1084 4053 remotos.

270 4120 362 4194 Non
391 4120 635 4211 deseremus,
666 4120 735 4219 qui
762 4118 948 4218 precibus
969 4118 1120 4203 fovent,

271 4226 351 4316 Qui
379 4234 469 4301 ture
497 4225 658 4303 fumant
684 4234 808 4326 atque
837 4224 966 4324 epulis
995 4224 1122 4300 sacris

322 4335 506 4408 Pascunt
532 4334 717 4433 benigni:
750 4358 774 4408 a
803 4334 898 4408 sede
927 4332 1045 4431 proni

378 4439 546 4515 Siderea
574 4440 770 4515 auxilium
799 4439 987 4515 feremus
