3164 5154
695 235 898 290 SlLVARUM

731 522 868 585 XXIX.

683 735 907 813 PRECES.

317 950 523 1049 Neglegis,
553 951 720 1041 Fronte,
750 949 939 1049 precibus
969 974 1127 1038 vacare,
1271 962 1319 1018 fol.
1337 964 1394 1018 164³·

317 1058 376 1131 Te
404 1057 504 1132 licet
530 1057 664 1131 morbi
691 1062 890 1131 moneant
918 1054 1168 1156 frequentes,

316 1164 445 1252 Bella,
474 1163 606 1263 plebis
635 1163 783 1239 seditio
812 1163 997 1252 furentis,

424 1270 617 1359 Vulnera,
648 1270 809 1345 caedes.

317 1430 534 1506 Claudiam
563 1455 636 1529 pro
665 1435 707 1504 te
737 1430 900 1504 assiduo
930 1454 1077 1528 rogare

317 1538 459 1614 Cernis
488 1544 531 1611 et
557 1537 720 1635 pulsare
749 1536 857 1611 fores
888 1535 1068 1635 Olympi:

315 1644 425 1720 Hinc
453 1642 529 1718 tibi
557 1667 643 1717 non
671 1651 735 1719 est
763 1642 891 1717 animi
918 1639 1089 1717 necesse

422 1751 619 1825 Promere
648 1752 768 1825 vota?

316 1909 424 2000 Quid
451 1910 566 1984 iuvat
593 1908 722 1983 virtus
751 1910 888 1983 aliena
916 1909 1098 1999 tandem,

314 2016 498 2115 Propriis
528 2016 561 2090 si
590 2041 675 2090 non
703 2016 862 2090 meritis
893 2017 1068 2089 salutem

316 2122 487 2214 Quaeris
517 2130 559 2196 et
585 2129 723 2197 tentas
751 2122 884 2196 niveis
915 2125 1081 2197 beatam

420 2228 604 2303 Moribus
633 2229 796 2304 aulam?

313 2389 462 2463 Publio
493 2387 589 2486 quid
620 2387 853 2488 contigerit,
883 2387 1035 2462 referre

314 2496 411 2570 Non
439 2495 600 2594 pigebit
627 2522 704 2570 me.
764 2495 897 2571 Simili
925 2494 1054 2570 iocari

313 2602 427 2678 Voce
456 2602 689 2676 consuevit:
722 2601 931 2693 ,Telesilla
960 2627 1033 2701 pro
1062 2625 1129 2675 me

419 2709 582 2782 Numen
610 2708 783 2783 adorat‘

312 2865 440 2942 Astra
468 2868 697 2942 scandebat
723 2875 948 2967 praeeunte
976 2868 1060 2942 fida

314 2972 500 3072 Coniuge
530 2981 571 3048 et
598 2975 734 3073 plures
764 2976 935 3049 comites
965 2973 1108 3050 secuti.

312 3081 518 3155 Blandum
547 3080 636 3173 iter,
667 3106 855 3157 sermone
885 3082 1037 3157 diserto
1068 3105 1298 3172 amoenum,

421 3186 617 3262 Carmina
644 3189 766 3263 laeta.

314 3345 505 3421 Siderum
534 3347 606 3421 sed
636 3347 732 3422 dum
758 3353 928 3446 superat
956 3348 1140 3433 choreas,

309 3455 420 3527 Dum
450 3453 576 3528 sacris
606 3454 711 3527 caeli
739 3454 907 3528 floribus
936 3453 1200 3554 propinquat,

310 3561 425 3638 Uxor
453 3567 516 3634 est
544 3560 735 3652 admissa,
764 3563 948 3660 repulsus
976 3560 1065 3660 ipse

416 3666 612 3742 Turribus
641 3667 746 3742 altis.

309 3826 479 3916 ‚Ianuae
509 3834 646 3901 custos
674 3827 856 3926 graviter
882 3827 1045 3901 locutus

308 3933 486 4007 Nemini‘
518 3934 621 4007 dixit
650 3941 781 4033 ‚patet
808 3934 903 4007 aula
932 3933 1081 4024 divum,

310 4038 443 4129 Quam
473 4066 546 4115 suo
577 4040 644 4140 qui
672 4041 789 4114 illum
818 4040 968 4115 meruit
994 4041 1154 4115 labore:

415 4146 576 4221 Limine
606 4148 736 4222 cede.‘
