3164 5154
717 246 921 302 SILVARUM

326 449 381 524 Et
408 454 546 547 grates
576 472 653 546 age
682 453 879 546 tempore.

436 554 655 631 Scrutandi
683 552 841 630 fatuam
871 553 990 629 mitte
1020 551 1261 653 cupidinem

328 661 393 737 Ac
420 666 556 737 vatros
584 686 729 737 reseca
759 661 893 736 dolos:

435 768 657 867 Vestigare
685 766 813 857 nefas,
845 791 948 866 quae
978 767 1077 841 deus
1107 765 1286 842 abdidit.
1412 799 1430 838 a

331 875 449 951 Curis
478 876 610 951 libera
638 874 830 951 inanibus

436 984 601 1071 Pectus
630 1007 714 1057 non
742 981 923 1071 timidus,
954 979 1153 1080 quidquid
1183 979 1276 1071 erit,
1305 980 1397 1080 pati,

331 1089 540 1189 Quidquid
568 1089 702 1164 sidera
730 1087 934 1178 iusserint,

435 1196 528 1273 Hoc
557 1194 769 1271 desideriis
797 1195 903 1270 velle
931 1194 1134 1269 fidelibus.

763 1742 847 1806 XX.

321 1940 503 2017 LARVA
532 1938 842 2018 VIRGINIBUS
871 1939 987 2017 NON
1017 1939 1296 2017 SUMENDA.

329 2153 516 2229 Gratiam
546 2153 666 2242 celas,
696 2151 900 2241 Telesilla,
930 2151 1079 2244 vultus,
1294 2166 1343 2222 fol.
1361 2168 1418 2222 1251·

328 2260 509 2335 Pulchra
537 2264 770 2334 monstroso
799 2259 906 2358 tegis
936 2284 1008 2335 ora
1034 2259 1133 2352 linc,

328 2367 534 2467 Turpibus
564 2366 723 2441 claudis
751 2365 913 2441 nebulis
943 2366 1094 2441 ocellos

435 2474 567 2549 Dulce
595 2472 808 2548 micantes.

327 2634 543 2734 Virginem
571 2658 656 2707 non
684 2635 798 2708 larva
826 2632 948 2707 decet
974 2631 1182 2722 tenellam,

326 2742 446 2816 Flore
475 2765 580 2840 quae
608 2739 741 2839 fulget
768 2763 886 2814 roseo
915 2764 1127 2836 genarum,

328 2848 496 2949 Spargit
524 2854 566 2923 et
591 2848 727 2923 lucem
754 2847 868 2920 velut
894 2845 1002 2921 inter
1028 2845 1147 2943 ignes

435 2956 557 3030 Luna
584 2955 775 3030 minores.

326 3116 449 3189 Hanc
477 3139 580 3189 anus
609 3120 745 3190 sumat
771 3111 956 3188 tremulis
985 3111 1159 3204 labellis

327 3222 533 3298 Dentibus
561 3220 696 3313 nullis,
726 3219 858 3295 niveis
888 3219 1057 3319 capillis,

326 3331 480 3405 Fronte
508 3354 669 3427 rugosa,
700 3327 847 3403 tetrico
875 3327 1028 3418 labore,

433 3435 578 3511 Mortis
606 3436 757 3534 imago.

326 3594 541 3695 Appetens
571 3596 712 3670 blandi
740 3602 814 3670 aut
841 3595 987 3669 mulier
1014 3593 1163 3685 mariti,

329 3702 406 3778 Cui
436 3704 559 3778 decus
588 3703 801 3801 languens,
832 3700 967 3777 tenuis
995 3707 1204 3793 venustas,

327 3809 479 3884 Induat
507 3810 694 3901 formam,
725 3809 866 3909 cupiat
891 3809 1024 3884 nitere

434 3919 543 3992 Dote
572 3917 715 3992 aliena.

326 4077 518 4152 Nobilem
550 4102 674 4177 quare
702 4075 851 4151 faciem
880 4074 1092 4150 recondis?

325 4183 395 4257 An
422 4184 499 4257 tibi
528 4184 655 4259 tristis
683 4182 824 4258 veniet
852 4181 1014 4281 cupido,

327 4291 385 4367 Ut
411 4291 513 4364 velis
542 4291 621 4365 hac
650 4292 722 4365 sub
755 4288 892 4390 specie
919 4289 1120 4387 probrosa

432 4398 593 4473 Fallere
621 4397 842 4470 mundum?
