3164 5154
621 244 695 300 LIB.
714 244 779 300 VII.
796 243 913 302 25-27.

287 441 330 518 Si
358 443 517 518 luorum
546 451 690 536 oesset,
720 443 828 544 perit
856 445 989 520 omnis
1017 445 1134 521 hora:

287 549 484 650 Neglegis
511 575 672 641 munus,
701 550 856 626 resides
885 551 1046 651 quietus

287 656 473 732 Aedibus
501 657 641 750 vastis,
672 658 797 734 decus
826 663 950 759 atque
978 659 1175 735 honestas

392 765 485 840 Non
513 765 589 840 tibi
618 765 753 859 eordi3

287 960 378 1035 Hoo
407 959 477 1035 ubi
506 960 646 1053 cernis,
674 959 866 1035 cohibere
893 985 1016 1036 nemo

287 1066 425 1142 Possit
452 1091 695 1142 accensum:
726 1066 845 1142 eitius
874 1067 1032 1142 volanti

291 1173 457 1273 Spiculo
486 1173 632 1266 tendis,
661 1199 781 1250 saera
809 1199 889 1272 quo
918 1173 1049 1250 fames
1077 1180 1120 1249 te

395 1281 561 1357 Pellieit
588 1281 685 1357 auri.

290 1475 444 1552 Sancta
473 1477 583 1577 quod
610 1477 781 1551 mandat
808 1476 926 1558 ratio.
958 1477 1121 1552 deoebit

288 1583 480 1684 Exsequi,
510 1582 695 1683 quamvis
723 1583 827 1658 nihil
855 1584 951 1659 inde
980 1609 1130 1683 speres.

288 1690 444 1789 Magna
470 1715 554 1765 non
582 1714 737 1765 meroes
767 1690 867 1766 satis
897 1699 960 1767 est
986 1691 1139 1767 laboris

396 1797 549 1888 Gloria,
591 1796 730 1872 fama?

690 2662 840 2727 XXVII.

141 2912 386 2990 lNFlRMUS
414 2912 487 2989 AD
517 2911 749 2989 MORTEM
772 2910 901 2988 SESE
930 2911 1140 2988 PARARE
1164 2912 1407 2991 lUBETUR.

292 3144 406 3242 Lege
434 3142 601 3217 mortali
629 3140 779 3217 fuimus
809 3142 948 3233 oreati,
1244 3157 1385 3213 f01.141ยนยน

294 3249 507 3350 Quotquot
534 3249 577 3323 in
604 3248 706 3324 lunis
736 3274 874 3324 sumus
904 3247 1004 3324 editi
1033 3274 1167 3325 auras:

293 3357 423 3432 Nemo
452 3356 617 3431 veloces
646 3355 778 3454 fugiet
805 3356 990 3454 sagittae,

400 3462 570 3563 Spicula
597 3462 679 3538 leti.

294 3658 534 3734 Admonent
560 3658 704 3748 morbi,
734 3657 932 3748 Celerine,
963 3658 1106 3750 orebri,

295 3767 355 3841 Te
383 3773 480 3841 tuae
509 3765 634 3840 finem
661 3764 898 3840 meminisse
925 3764 1055 3839 vitae:

293 3873 471 3973 Respice
500 3878 737 3963 extremam,
767 3871 972 3962 moriture,
1003 3878 1167 3960 metam,

399 3979 511 4056 Vilia
539 4003 696 4080 sperne.

295 4175 355 4250 Te
385 4174 454 4249 diu
481 4176 602 4249 rebus
631 4181 772 4249 tamen
801 4172 1035 4248 adfuturum

297 4281 438 4358 Credis
466 4281 658 4356 humanis
687 4280 800 4356 senio
830 4288 1042 4379 gravatus:

294 4390 417 4464 Forte
447 4389 620 4464 comicis
648 4388 723 4463 tibi
751 4387 872 4487 fingis
901 4413 1042 4477 annos,

401 4496 584 4571 Nestoris
613 4499 788 4570 aevum?
