3164 5154
699 973 726 1057 Ῑὲ

229 1172 394 1252 REDIT
420 1171 495 1250 AD
523 1171 704 1263 MUSAs
725 1170 820 1267 Diu
845 1165 1185 1265 NEGLECTA&

177 1353 213 1426 E
241 1350 389 1433 castris
414 1347 577 1448 fugiens
604 1347 699 1439 tuis,
1197 1363 1248 1420 for.
1267 1364 1321 1422 41-

284 1455 430 1532 Dulcis
456 1455 729 1555 Melpomene,
759 1453 951 1555 deposita
976 1456 1078 1554 lyra,

178 1563 397 1649 Hebraeae
425 1560 655 1661 sapientiae

285 1669 340 1744 Fit
366 1692 507 1743 sacrae
535 1666 685 1755 studiis
710 1665 981 1755 nobilioribus

177 1775 245 1851 Me
273 1774 379 1872 legis
406 1773 567 1849 iuvenis
597 1772 702 1848 dedi.

285 1880 526 1956 Intermissa
554 1878 624 1971 diu
653 1903 725 1954 cur
751 1878 903 1969 iterum
929 1879 1038 1957 redis

176 1989 232 2064 Et
258 1993 397 2062 tentas
424 1986 579 2061 resides
606 1984 735 2073 fides?

284 2092 484 2192 Extingui
510 2096 723 2191 nequeunt
749 2090 918 2185 semina,
947 2092 1110 2195 pectori

179 2198 294 2290 Quae
324 2198 486 2276 caelum
513 2197 659 2274 tribuit
685 2199 814 2273 mec?
962 2206 965 2211 '

286 2301 358 2393 An
383 2303 512 2395 fallax
538 2303 701 2393 animus
726 2303 891 2391 vatibus
919 2303 1044 2389 imeri

178 2410 379 2499 Romanis
403 2409 544 2511 potius
572 2410 696 2510 cupit,

284 2519 523 2605 Decantare
549 2517 698 2601 modos
725 2540 849 2616 quam
877 2515 1036 2615 Solymi
1064 2515 1206 2593 ducis?
1311 2567 1335 2607 η

177 2622 258 2699 Ast
285 2624 397 2699 istud
425 2624 574 2699 deceat
601 2646 751 2715 senem,

286 2728 363 2805 Cui
392 2728 542 2806 Clotho
570 2732 767 2829 properat
794 2727 972 2804 stamina
999 2752 1197 2830 rumpere.

178 2835 262 2912 Sed
290 2841 426 2912 castas
453 2835 582 2911 liceat
607 2832 719 2920 faces

283 2941 350 3017 Ac
378 2965 514 3017 mores
540 2940 684 3025 niveos
711 2940 852 3015 ludere
880 2939 1054 3023 barbito.

177 3048 214 3123 N
217 3071 271 3123 on
298 3047 368 3123 hic
395 3047 554 3147 proelia
578 3047 816 3139 amantium,

282 3154 516 3229 Nocturnas
543 3151 682 3245 furias,
712 3149 901 3228 difficiles
920 3149 1040 3243 fores,

176 3260 271 3335 Non
297 3258 407 3336 rixas
435 3261 631 3350 iuvenum
657 3260 774 3357 leges

285 3362 376 3453 Aut,
403 3392 499 3457 cum
526 3365 754 3465 virginibus
780 3363 919 3453 trista
944 3363 1097 3464 iurgia:

178 3473 295 3548 Haec
324 3473 428 3549 cedo
459 3471 648 3572 Cypridis
676 3472 813 3549 chore.

283 3578 425 3654 Divini
453 3579 618 3654 celebro
647 3577 733 3663 tela
761 3574 984 3677 Cupidinis,

178 3683 279 3775 Quis
306 3709 423 3761 mens
452 3684 593 3775 saucia
620 3683 802 3773 numinis

285 3789 445 3883 Summi
471 3790 682 3891 perpetuis
710 3789 863 3891 flagrat
889 3790 941 3865 ab
969 3787 1144 3893 ignibus,
1309 3837 1337 3877 u

177 3896 324 3974 Donec
352 3896 488 3985 sidera
516 3896 714 3974 scandere

284 4003 574 4103 Immensaque
603 4003 670 4079 dei
696 4003 790 4079 luce
819 4007 946 4102 queat
962 3997 1051 4093 frui.

176 4109 315 4185 Nostri
343 4109 537 4187 carminis
565 4109 634 4185 hic
661 4133 809 4209 scopus

284 4217 338 4292 Et
363 4214 555 4295 felicibus
582 4217 686 4292 haec
713 4221 827 4291 meta
855 4213 1072 4291 caloribus.
