3164 5154
530 231 604 288 LIB.
621 232 676 290 ΠΙ.
696 235 802 293 16-17

183 431 306 509 Salve
336 431 432 508 diva
459 457 621 532 parens,
651 433 767 531 virgo
795 459 1009 535 puerpera,

184 537 392 638 Oregina
419 540 516 640 poli,
547 539 751 616 sidereum
780 540 908 632 iubar,

184 645 218 722 Ο
247 645 396 721 summi
425 646 615 746 genetrix
642 647 833 739 numinis,
865 647 974 724 orbis
1004 656 1046 724 et

289 752 429 828 Nostri
457 760 680 853 perpetuus
707 754 835 830 nitor!

183 909 267 987 Sed
295 936 375 1010 quo
398 911 517 987 Musa
543 912 650 987 ruis?
679 912 827 988 Dicere
855 913 914 989 nil
941 913 1040 989 licet

182 1017 390 1118 Umquam
417 1044 496 1096 nec
524 1018 650 1094 tribui
677 1019 810 1095 maior
837 1020 971 1096 honor
996 1027 1137 1120 potest

184 1123 318 1215 Quam
346 1132 521 1201 matrem
550 1151 638 1203 esse
667 1126 745 1202 dei.
776 1125 965 1202 Scribere
992 1126 1135 1204 desino

288 1232 342 1307 nt
368 1256 479 1332 pono
509 1233 713 1309 calamum
742 1233 795 1308 ad
822 1233 961 1334 pedes.

600 1745 716 1811 XVII.

388 1940 724 2020 VETULARUM
753 1941 942 2020 IMAGO.

182 2154 400 2231 Luduntur
428 2160 471 2230 et
497 2155 656 2247 ludunt,
685 2155 846 2230 vetulas
874 2154 978 2231 libet
1154 2168 1204 2224 for
1223 2169 1279 2227 osv·

183 2260 282 2351 Quis
311 2261 480 2360 pingere
510 2261 612 2336 offas
641 2267 684 2336 et
711 2258 866 2337 Priami
893 2286 1034 2338 nurus:

235 2368 404 2467 Rugosa
431 2367 543 2443 frons
572 2393 625 2443 an
652 2391 738 2442 non
765 2368 938 2443 moleste

289 2473 488 2550 Omnibus
517 2474 714 2574 aspicitur
742 2473 910 2549 diebus?

182 2633 292 2724 Quot
319 2632 500 2709 feminae
527 2657 629 2708 naso
657 2633 824 2709 madido
853 2633 995 2725 fluunt

182 2738 294 2829 Quot
322 2747 419 2816 sunt
447 2765 657 2815 comarum
686 2739 935 2840 conspicuae
963 2739 1081 2814 nive?

235 2847 347 2937 Quot
373 2847 560 2923 dentium
586 2846 726 2923 fuscae
753 2846 917 2945 nigrore

287 2953 533 3053 Tisiphones
561 2953 714 3029 similes
745 2953 896 3029 sorori?

180 3111 394 3189 Autumno
424 3113 566 3189 adulto
596 3118 661 3189 tot
687 3111 788 3188 folia
815 3111 926 3187 haud
955 3112 1110 3186 cadunt

179 3220 266 3295 Noc
293 3245 388 3295 vere
418 3226 591 3319 surgunt
617 3219 765 3295 flon'da
791 3217 980 3318 germina

233 3326 321 3401 Nec
349 3326 460 3402 litori
487 3327 732 3401 incumbunt
758 3326 938 3400 harenae

285 3431 374 3509 Aut
400 3434 533 3508 Erebo
563 3434 822 3509 stabulantur
849 3429 984 3521 haedi,

179 3590 314 3667 Atrox
341 3591 469 3667 libido
500 3616 601 3690 quos
630 3590 762 3667 sociat
789 3590 908 3690 gregi

178 3698 441 3790 Lascivienti,
470 3697 605 3798 pascit
633 3704 676 3773 et
702 3696 884 3797 ignibus:

234 3804 346 3894 Quot
372 3810 560 3905 tempore
588 3806 669 3881 hoc
696 3803 801 3880 fucis
831 3809 875 3879 et
903 3827 972 3879 ore

285 3911 556 3987 Inveniuntur
584 3936 687 3987 anus
717 3912 896 3987 dolosae.

178 4069 288 4145 Hinc
315 4069 451 4170 pictor
478 4070 598 4146 istam
627 4072 804 4169 neglege
831 4069 1077 4168 imaginem:

178 4177 377 4252 Describe
404 4178 491 4252 tela
517 4177 750 4276 virgineum
778 4177 915 4268 decus,

231 4283 377 4359 Annos
404 4283 598 4360 iuventae
625 4309 704 4359 nec
733 4309 931 4382 genarum

285 4390 442 4491 Sperne
471 4416 586 4467 rosas
615 4392 835 4491 oculosque
863 4392 1006 4466 laetos.

580 4621 739 4631 —-—-
