3164 5154
683 231 888 288 SILVABUM

312 434 379 508 Me
407 433 524 509 vultu
551 432 696 531 gracili
724 432 878 508 blanda
905 433 1122 524 modestia,

312 539 513 615 Demissis
543 540 673 615 oculis
703 565 752 614 ac
779 539 910 614 niveis
939 540 1068 639 genis,

367 646 552 746 Simplex
580 646 692 722 crine
721 652 869 722 catena

418 753 667 829 Devinctum
696 753 825 828 trahit
851 778 983 829 aurea

315 913 393 990 Odi
421 913 681 1013 praetumida
706 910 842 989 fronte
872 914 1119 1015 superbiam,

313 1021 482 1095 Fastum
513 1019 724 1096 difficilem
754 1020 899 1096 cedere
926 1021 1122 1114 nescium,

369 1126 541 1202 Sublimi
570 1152 639 1202 ore
668 1127 846 1226 rigorem

420 1234 474 1310 Et
500 1233 686 1331 linguam
716 1258 838 1333 super
865 1235 1045 1311 aethera.

316 1394 547 1469 Ponentem
576 1391 723 1468 solium
750 1419 836 1468 non
864 1394 1009 1470 humili
1037 1420 1171 1495 prece,

317 1500 400 1575 Sed
427 1501 560 1575 nisam
589 1498 745 1575 meritis
775 1499 865 1601 quis
894 1502 1070 1578 toleret?
1100 1502 1197 1593 suis,

370 1606 428 1684 Ut
454 1607 631 1682 Iudaeus
658 1605 820 1706 Apella,

426 1713 527 1789 Orat
555 1713 650 1787 dum
681 1713 856 1812 Solymis
886 1714 1018 1790 deum.

318 1873 387 1965 Te,
414 1873 542 1972 virgo
574 1873 755 1948 celebrat
781 1873 897 1973 regia
926 1874 1143 1966 Caelitum,

318 1979 433 2071 Quae
461 1980 636 2055 multum
665 1987 787 2055 aucta
815 1981 897 2056 tuis
926 2007 1088 2083 semper
1116 1982 1330 2077 amoribus,

373 2088 431 2162 Te
460 2087 583 2161 tellus
611 2094 842 2178 veneratur,

428 2193 623 2284 Quamvis
651 2193 832 2270 moribus
860 2196 1052 2272 insolens.

321 2354 478 2428 Exosus
506 2360 643 2429 tumor
671 2361 734 2429 est
762 2355 966 2449 omnibus,
997 2360 1183 2431 attamen

321 2461 559 2535 Hmnanum
586 2485 715 2558 genus
744 2461 823 2537 hac
851 2462 1043 2538 adficitur
1068 2468 1179 2555 nota,

377 2567 496 2656 Quod
524 2592 567 2641 se
596 2568 770 2644 subdere
798 2569 914 2660 nolit,

431 2673 584 2749 Cristae
613 2675 758 2750 tollere
786 2676 951 2773 gestiat.

324 2833 488 2909 Clarum
516 2832 624 2926 binc,
656 2859 735 2934 qua
762 2834 892 2933 geniti
921 2835 1047 2911 simus
1075 2833 1236 2932 origine

322 2940 376 3015 Et
404 2966 482 3040 quo
512 2948 630 3040 patre
659 2940 748 3031 sati,
779 2942 938 3019 scilicet
967 2941 1078 3018 ebrio

376 3048 503 3123 Fastu
532 3055 574 3123 et
600 3048 765 3148 proprio
795 3073 948 3125 amore.

429 3155 515 3228 Nec
543 3161 676 3229 mater
703 3156 850 3231 melior
875 3154 963 3250 fuit,

324 3314 439 3404 Quae
466 3339 632 3413 pomum
662 3315 835 3391 vetitum
864 3315 1020 3417 carpsit
1046 3318 1098 3390 ab
1127 3317 1272 3390 arbore

325 3419 443 3496 Orbis
471 3420 706 3520 pemiciem‚
735 3422 929 3498 delicium
957 3423 1096 3522 gulae:

376 3527 485 3601 Hinc
513 3528 754 3603 mortalibus
783 3530 917 3628 aegris

431 3635 620 3710 Deducta
647 3636 691 3709 in
720 3637 904 3711 subolem
933 3638 1032 3711 lues.

325 3793 415 3884 Ast,
447 3819 470 3868 o
500 3795 606 3884 diva,
637 3796 719 3871 mei
748 3796 928 3895 pectoris
955 3795 1104 3870 intima

326 3901 544 3991 Perlustm,
574 3901 708 4000 Stygii
736 3903 907 3979 flamina
936 3903 1103 4004 spiritus

379 4007 505 4083 Arce:
537 4008 590 4082 sit
618 4009 720 4084 mihi
748 4017 872 4101 meta,

434 4113 524 4204 Quo
555 4116 669 4190 ducit
696 4123 769 4192 tua
796 4116 941 4216 gloria.
