3164 5154
701 210 900 267 SILVARUM

328 412 435 488 Nam
463 409 607 503 suevit,
638 410 746 486 orbis
775 435 875 510 quos
903 416 1018 486 amat
1045 410 1215 502 arbiter,

327 521 438 595 Potu
466 517 655 618 experiri:
686 517 756 617 qui
785 517 956 617 cyathos
983 517 1090 594 bibit

382 626 532 702 Mixtus
560 649 701 700 amaro
729 624 826 701 felle
854 625 998 716 laetus,

434 731 652 807 Proximus
681 737 744 807 est
770 731 950 807 Domino
978 731 1155 831 potenti.

329 875 510 974 Ignavus
538 881 584 949 at
611 874 680 975 qui
707 875 859 974 pocula
884 874 1084 974 neglegit,

329 980 503 1057 Haurire
531 980 647 1075 vitat,
677 1006 781 1081 quae
810 981 946 1081 superi
973 981 1130 1074 iubent,

385 1086 581 1164 Convivio
612 1113 637 1163 a
664 1114 816 1188 magno
846 1087 1059 1173 exsulabit,

437 1194 646 1270 Aetheriis
676 1195 850 1295 dapibus
879 1195 1046 1271 carebit

331 1336 364 1413 Ο
395 1345 536 1413 sancte
563 1342 710 1428 rector,
741 1337 794 1412 da
821 1337 935 1429 mihi,
967 1337 1077 1436 quod
1104 1337 1243 1412 voles:

330 1443 507 1520 Infunde
535 1450 695 1520 maesta
723 1444 943 1535 absinthia,
973 1468 1133 1519 sumere

383 1551 477 1627 Non
505 1576 571 1626 me
599 1550 770 1650 pigebit,
801 1551 911 1650 quod
937 1550 1194 1651 Redemptor

437 1659 491 1733 Et
517 1682 706 1759 proceres
734 1658 891 1757 petiere
920 1657 1033 1736 caeli.

754 2012 869 2078 XVH.

511 2156 584 2232 AD
614 2156 759 2233 ALTA
786 2155 1121 2233 ENITENDUM.

334 2317 433 2408 Quo,
461 2341 568 2391 vana
595 2342 723 2406 mens,
752 2323 795 2392 te
822 2316 1070 2418 praecipitat
1097 2315 1213 2391 calor
1294 2329 1343 2385 fol.
1361 2329 1416 2385 124¹·

333 2424 531 2499 Insanus?
561 2431 678 2499 aestu
707 2449 787 2522 quo
815 2424 898 2498 ruis
927 2423 1080 2499 anxio?

387 2530 495 2621 Quid
524 2530 628 2605 scire
655 2538 697 2605 te
726 2532 934 2630 quondam
963 2528 1130 2621 iuvabit,

440 2637 555 2729 Quae
582 2643 768 2712 veterum
795 2643 1065 2713 monumenta
1090 2641 1248 2728 vatum,

335 2779 450 2869 Quae
478 2779 561 2854 sint
587 2783 810 2855 novorum?
840 2779 938 2880 quid
966 2780 1117 2855 doceat
1146 2776 1264 2870 Cato,

335 2885 443 2976 Quid
470 2885 601 2962 Varro
629 2886 755 2986 prisci
782 2886 979 2986 temporis
1008 2885 1171 2978 arbiter,

388 2992 497 3082 Quid
523 2992 648 3068 Tullii
676 2993 856 3070 facunda
883 2993 1021 3086 suada,

440 3100 700 3201 Melpomene
730 3100 829 3199 quid
857 3125 1033 3176 amoena
1059 3098 1223 3175 Flacci?

333 3240 402 3315 Ad
430 3266 591 3317 summa
616 3241 788 3315 tandem
816 3240 1019 3316 siderate
1048 3239 1172 3339 erige,

335 3346 468 3436 Quam
496 3347 588 3422 luce
617 3354 737 3445 grata
764 3348 1028 3447 praeniteant
1054 3347 1177 3439 faces,

388 3453 550 3555 Specta,
581 3454 680 3554 quid
708 3462 874 3530 aeterno
903 3461 1042 3531 rotatu

440 3561 544 3636 Tam
571 3561 684 3636 rutili
711 3562 963 3638 meditentur
989 3561 1118 3660 ignes.
1404 3607 1423 3646 n

335 3703 417 3779 Cur
445 3704 594 3801 glaeba
620 3704 693 3779 vili
720 3712 762 3781 te
792 3705 928 3805 specie
956 3705 1108 3780 trahit?

333 3810 402 3884 Nil
429 3816 539 3885 terra
568 3811 750 3910 dignum,
782 3813 891 3912 quod
918 3814 1092 3912 placeat,
1122 3819 1248 3904 tenet,

389 3916 493 3991 Cum
521 3925 670 3994 cuncta
699 3919 934 3996 dilabantur
961 3944 1075 4011 aevo,

440 4025 497 4101 Ut
525 4027 677 4101 celeres
705 4025 871 4126 fugiunt
898 4027 1088 4125 sagittae.

334 4165 415 4239 Hic
441 4166 555 4241 nulla
581 4168 709 4243 virtus
738 4175 937 4268 perpetuo
968 4168 1133 4261 eminet,

335 4273 512 4348 Versuta
539 4298 637 4348 nam
664 4274 772 4350 fraus
800 4275 971 4376 imperio
1001 4276 1133 4351 exuit:

387 4380 545 4454 Fucata
573 4384 647 4456 sub
676 4384 766 4457 velo
798 4383 938 4459 doloso

439 4486 616 4585 Relligio
645 4489 861 4589 pietasque
889 4489 1004 4566 ludit.
