3164 5154
709 249 914 307 SILVARUM

325 448 395 525 An
423 457 585 526 tantum
612 450 750 550 potuit
776 448 1001 525 femineum
1029 475 1174 550 genus,

326 559 385 636 Ut
411 557 525 656 leges
553 564 712 633 veteres
741 557 912 655 iuraque
941 583 1167 658 sperneres,

326 663 453 740 Idolis
483 670 660 740 strueres
689 664 845 763 templa
871 665 1143 741 nocentibus?

434 772 612 847 Tristem
641 771 856 871 perfidiam
884 778 1046 870 queror!

328 931 547 1031 Sceptrum
575 938 795 1032 propterea
822 930 960 1008 nobile
990 931 1186 1008 dividam:

328 1037 462 1138 Stirps
489 1045 589 1114 nato
618 1065 701 1114 una
728 1047 813 1130 tuo,
843 1028 916 1114 sed
943 1039 1126 1138 reliquae
1153 1038 1281 1115 tribus

328 1145 561 1221 Tradentur
587 1145 751 1238 famulo,
783 1145 851 1246 qui
872 1145 1048 1246 ¹Solymo
1076 1152 1197 1246 reget

435 1252 612 1328 Avulsas
641 1254 886 1328 diademate.

330 1414 464 1489 Laesa
493 1420 586 1488 ate
614 1412 748 1512 pietas
777 1412 1023 1513 supplicium
1054 1414 1225 1513 expetit:

329 1519 525 1594 Adversis
555 1519 645 1618 quis
675 1545 795 1619 opem
825 1520 988 1596 casibus
1017 1520 1201 1596 adferet?

330 1626 488 1702 Forsan
517 1626 735 1702 consilium
762 1627 934 1702 numina
961 1633 1196 1726 suggerent,

440 1732 540 1824 Quis
569 1760 664 1809 cum
693 1734 935 1832 coniugibus
962 1734 1084 1810 litas?

332 1892 435 1967 Post
463 1894 613 1969 multas
642 1901 803 1993 segetes
831 1894 1025 1969 adveniet
1052 1920 1161 1993 puer,

333 1997 492 2075 Ambos
521 2001 590 2100 qui
618 2003 794 2101 populos
822 2001 994 2101 imperio
1024 2026 1097 2077 suo

332 2107 487 2182 Rursus
517 2107 702 2182 subiciet:
733 2108 859 2183 divite
889 2109 1009 2208 copia

439 2215 545 2289 Tum
572 2240 716 2314 regum
747 2216 891 2290 domus
920 2215 1102 2290 adfluet‘

732 2817 903 2883 XXXIV.

429 3033 661 3110 VERITAS
690 3033 922 3110 TANDEM
951 3033 1204 3112 EMERGIT.

339 3248 476 3321 Exosa
503 3246 613 3322 nudo
643 3248 855 3322 schemate
884 3246 1055 3322 veritas:
1293 3261 1337 3316 fol.
1355 3259 1406 3315 ur

341 3354 558 3453 Cingenda
586 3354 710 3444 cultu,
740 3354 923 3429 vestibus
953 3360 996 3429 et
1021 3355 1152 3445 novis,

394 3461 452 3538 Ut
479 3460 636 3559 gratior
664 3461 797 3560 possit
824 3460 954 3536 videri

447 3566 587 3668 Atque
617 3568 747 3643 oculis
776 3568 970 3643 iuvenum
998 3569 1174 3668 placere.

340 3729 377 3802 N
380 3753 447 3803 am
475 3728 613 3828 prisca
639 3728 798 3802 nullum
827 3728 1072 3828 simplicitas
1100 3729 1211 3829 rapit

342 3835 428 3909 Nec
457 3837 604 3910 suadet
632 3836 713 3910 oris
742 3861 967 3935 purpureus
995 3836 1125 3911 nitor:

395 3943 604 4041 Effulgeat
630 3943 805 4040 gemmis
835 3950 877 4018 et
904 3967 1016 4035 aure,

447 4051 607 4125 Fallere
636 4075 740 4149 quae
767 4050 963 4149 populum
983 4050 1163 4126 'laborat

342 4214 524 4285 Externa
552 4210 737 4309 quemvis
767 4237 861 4285 cum
890 4209 1046 4309 species
1074 4211 1225 4303 trahat,

343 4320 503 4393 Fucata
530 4342 636 4415 quae
665 4326 770 4410 sunt,
801 4318 990 4393 alliciunt
1018 4343 1196 4419 quoque:

401 4424 656 4500 Abducimur
684 4425 901 4525 splendore
929 4450 1064 4500 rerum

450 4533 535 4607 Nec
563 4532 667 4606 libet
693 4533 889 4608 interiora
916 4558 1049 4608 nosse.
