3164 5154
518 216 592 273 ΠΒ.
610 216 650 273 11.
670 217 787 275 11-13.
1229 223 1292 283 183

171 421 407 519 Numquam
434 418 514 493 hoc
542 415 718 492 mundus
746 414 855 491 iners
884 413 1114 491 crediderat
1132 414 1231 491 fore.

172 528 309 603 Iactat
337 551 381 601 se
408 531 565 601 temere
592 523 803 623 virgineus
830 521 963 624 pudor

175 634 300 710 Casto
327 632 428 708 flore
456 631 519 707 sui
548 629 746 731 corporis:
777 635 822 705 at
847 629 964 729 gravi

278 739 437 818 Venter
462 738 572 814 mole
599 743 727 838 negat
755 736 892 812 decus.

174 900 307 991 Quam
334 898 462 975 fallax
489 897 678 975 homines
707 896 818 998 cepit
845 896 998 996 opini0,

173 1006 277 1082 Labi
307 1005 442 1082 sidera
469 1005 540 1105 qui
568 1009 816 1080 censuerant
842 1002 966 1105 prius,

177 1112 310 1203 Quam
338 1137 515 1213 peccare
543 1114 692 1211 probro
721 1135 843 1212 posse
869 1110 1104 1186 Diocleam!

283 1219 385 1310 Quis
413 1218 657 1296 abducimur
684 1217 859 1293 artibus!

176 1381 235 1458 Ut
261 1405 403 1455 verum
431 1379 571 1471 lateat,
598 1377 760 1477 relligio
789 1383 939 1475 gemat

176 1486 225 1561 Id
254 1486 456 1562 desiderio
486 1485 696 1586 quaeritur
723 1483 867 1585 impio:

174 1593 325 1669 Foedis
356 1593 467 1669 cedit
494 1593 626 1668 honor
653 1591 857 1667 maximus
884 1589 1060 1688 ignibus.

279 1701 373 1776 Non
402 1702 542 1776 orbem
569 1698 730 1775 fatuum
757 1700 931 1774 vocem?

601 2210 700 2276 xm.

63 2408 343 2487 tARISSIMO
362 2408 495 2487 VIRO
515 2408 680 2487 LEONI
698 2408 944 2505 ALLATIO,
970 2406 1086 2487 CUM
1104 2408 1293 2487 ROMAE

308 2532 753 2611 DRAMATURGIAM
780 2532 1004 2610 EDERET.

175 2749 265 2823 Non
294 2771 456 2846 semper
483 2771 581 2822 arcu
609 2748 693 2822 tela
720 2746 915 2821 nocentia
1149 2760 1197 2819 fol.
1212 2762 1265 2818 83¹·

175 2854 324 2932 Vibrat
352 2853 534 2929 Gelonus
561 2878 639 2929 nec
668 2854 786 2929 iubar
815 2878 940 2929 aureo

227 2959 356 3038 Vultu
384 2960 566 3035 refundit
591 2961 800 3051 Phoebus,
830 2958 985 3036 Auster

282 3065 415 3166 Saepe
443 3091 598 3166 procax
624 3067 761 3143 radios
790 3091 954 3142 serenos

178 3225 426 3326 Caliginosis
454 3226 632 3302 nubibus
662 3226 838 3325 obtegit:

177 3331 246 3409 Sic
274 3357 354 3408 nec
381 3333 519 3407 Diana
547 3333 786 3432 aequalibus
814 3333 980 3432 ignibus

228 3441 361 3514 Noctu
389 3438 579 3537 refulget,
609 3440 681 3515 sed
709 3440 866 3515 minore

281 3547 396 3621 Luce
424 3546 564 3637 micat,
594 3550 815 3622 tenebrosa
840 3547 1022 3646 languet.

176 3706 239 3779 Tu
267 3730 429 3806 semper
456 3706 584 3781 idem:
615 3731 686 3780 seu
713 3706 849 3798 libeat
876 3707 971 3800 Le0,

176 3812 301 3887 Tristi
329 3819 515 3887 vetustas
545 3836 685 3888 eruere
714 3838 736 3888 e
765 3813 848 3888 situ

230 3919 311 3995 Seu
339 3943 469 4020 nuper
498 3926 608 3995 ortas
637 3944 710 3995 seu
736 3919 936 4018 Pelasgas

283 4024 379 4101 Sive
408 4027 535 4101 Italas
563 4025 747 4102 refovere
774 4026 924 4102 Musas.

176 4184 258 4259 Par
285 4184 397 4260 fama
425 4185 565 4285 surgit,
595 4211 672 4285 par
697 4185 774 4261 tibi
802 4185 945 4284 gloria,

176 4290 443 4391 Quocumque
465 4293 650 4367 dextram
671 4292 845 4391 porrigis
864 4300 988 4392 atque
1010 4316 1131 4391 opem

229 4396 381 4475 Adfers
409 4399 576 4475 labanti.
632 4399 863 4475 Sanitatem

282 4505 367 4581 Nec
396 4506 495 4581 satis
524 4513 587 4581 est
614 4506 805 4583 tribuisse
833 4505 971 4582 laesis:
