3218 5144
182 265 200 322 6
722 254 939 311 clamuun

182 453 363 551 Quisque
401 453 512 528 domi
550 452 735 526 residens
768 460 881 526 artus
909 451 1023 527 fovet
1051 452 1148 551 igne
1177 459 1403 555 temperato

286 561 340 633 Et
366 557 555 658 fungitur
584 565 700 634 sueto
730 560 784 634 ad
811 558 950 633 fecum
978 559 1130 635 labore.

182 667 407 742 Solvuntur
436 665 557 740 eitius
587 690 705 741 sacra
733 690 915 756 munera,
944 665 1080 741 nullus
1108 668 1257 743 haeret
1285 668 1377 763 aris,

285 771 457 847 Devitat
484 797 609 847 aurae
639 771 812 871 quilibet
839 770 1030 846 furorem.
1412 821 1428 860 ,2

183 880 403 953 Certamen
431 878 559 954 veluti
589 879 685 952 dum
714 879 890 953 sumitur
918 886 961 953 et
988 879 1143 954 cadunt
1169 880 1357 980 manipli,

287 984 354 1058 Ad
383 985 558 1060 tutiores
589 984 809 1059 conferunt
834 985 1000 1083 repulsa

182 1092 365 1189 Agmina
393 1116 437 1166 se
456 1099 603 1166 turres:
634 1092 870 1166 vehementi
890 1091 948 1167 ita
966 1115 1109 1190 pressa
1127 1095 1251 1168 turba
1265 1095 1409 1168 bruma

287 1197 477 1273 Festinat
505 1198 627 1273 aedes
657 1198 818 1296 ingredi
847 1199 1041 1272 calentes.
1423 1236 1450 1283 ,ε

180 1305 298 1378 Nunc
327 1311 440 1379 artus
469 1304 632 1404 tepidos
662 1304 771 1379 dulei
800 1305 921 1379 decet
946 1303 1118 1403 irrigare
1145 1303 1319 1379 Baccho

288 1412 341 1485 Et
368 1411 486 1486 triste
515 1417 679 1510 tempus
707 1410 900 1509 mitigare
929 1417 1041 1510 potu.

181 1517 299 1592 Nunc
315 1517 483 1615 genium
502 1518 669 1616 placare
689 1542 802 1592 merc
823 1517 938 1592 iuvet
956 1523 1081 1616 atque
1100 1540 1242 1591 amore
1256 1518 1410 1594 blando

284 1624 434 1698 Lenire
463 1631 644 1699 maestes
671 1623 852 1722 pecteris
881 1625 1055 1698 labores.
1422 1666 1467 1713 ,ρ

180 1731 247 1803 Nil
277 1730 438 1804 differre
467 1731 579 1806 libet.
616 1731 728 1804 Mors
755 1730 923 1805 vellicat
951 1755 1108 1805 aurem:
1139 1728 1254 1804 abire
1284 1731 1413 1821 terris,

288 1835 391 1911 Cum
420 1836 557 1911 Parca
586 1845 747 1911 stamen
776 1844 947 1935 rumpet,
976 1836 1087 1911 haud
1115 1837 1321 1912 morabor.

181 1945 325 2016 Donec
353 1941 440 2016 fata
468 1942 606 2018 sinent
632 1969 707 2018 nos
736 1943 882 2033 vivere,
911 1950 1055 2018 sancto
1086 1949 1128 2017 et
1154 1942 1370 2018 innocenti

284 2047 444 2123 Ardere
472 2056 632 2125 mentes
662 2051 822 2123 imbuat
849 2049 1052 2148 voluptas,

799 2754 839 2818 V.

421 2987 536 3063 NON
565 2987 848 3065 FIDENDUM
875 2987 1224 3067 PRINCIPIBUS.

394 3217 525 3304 Quem
554 3216 686 3291 laetat
712 3216 815 3290 varii
844 3215 981 3314 gratia
1010 3217 1217 3320 principie,
1328 3235 1379 3289 fol.
1400 3235 1436 3289 2·-

394 3326 528 3410 Quem
556 3323 665 3398 fietis
696 3322 886 3397 dominus
915 3323 1023 3399 fallit
1052 3325 1260 3401 amoribus

446 3429 500 3502 Et
530 3453 624 3526 spes
655 3429 823 3504 credula
850 3429 965 3519 ludit,

498 3532 632 3609 Aulae
662 3536 758 3609 dum
787 3536 898 3609 nitor
926 3537 1114 3611 attrahit:

397 3696 485 3769 Heu
514 3719 638 3793 quam
667 3693 825 3769 difficili
853 3699 989 3768 tentat
1016 3695 1097 3769 iter
1123 3694 1206 3769 via!

395 3799 529 3888 Quam
557 3801 658 3899 pinu
687 3800 824 3898 fragili
853 3800 1051 3875 sollicitat
1080 3807 1210 3875 mare!

446 3907 582 4005 Nigris
611 3908 779 3982 horrida
805 3907 940 3981 ventis

500 4014 652 4088 Cemet
680 4013 841 4112 saepius
871 4038 1060 4113 aequora.

393 4171 473 4245 Vix
502 4180 653 4269 pacata
679 4173 780 4246 ratis
808 4173 932 4248 litera
961 4173 1124 4264 deserit,

392 4278 460 4351 Ad
490 4303 636 4352 caecos
666 4279 859 4377 scopulos
889 4305 981 4354 cum
1009 4279 1119 4378 rapit
1146 4277 1311 4355 Africus

445 4385 498 4459 Et
527 4386 812 4483 spumantibus
842 4387 961 4460 undis

500 4491 745 4580 Quassatam
776 4491 896 4566 simul
925 4493 1065 4568 obicit.
