3164 5154
739 1186 769 1249 I.

177 1417 565 1498 ILLUSTRISSIMI
592 1416 833 1495 RU'l'GERl
860 1415 1092 1495 ERNESTI
1120 1417 1345 1499 COMITIS

450 1544 486 1620 A
514 1541 841 1620 STARMBERG
869 1542 1077 1621 VIRTUS.

283 1778 466 1875 Dignum
495 1775 618 1850 laude
645 1774 776 1848 virum
804 1774 924 1849 Musa
950 1781 1067 1852 vetat
1092 1775 1208 1852 mori.
1242 1702 1385 1848 llll?

284 1883 539 1981 Starmbergi
567 1880 799 1959 Austriacis
826 1880 938 1958 fama
963 1881 1184 1983 nepotibus

336 1989 500 2064 Aevum
529 1989 650 2063 durat
677 1989 720 2064 in
749 2014 882 2081 omne,

388 2097 540 2196 ingens
568 2096 701 2196 gloria
727 2102 952 2197 permanet.

282 2258 436 2333 Hostes
463 2257 699 2332 innumeros
728 2257 893 2332 moenia
919 2257 1167 2332 Pannonum

281 2362 512 2464 Aggressos
540 2364 676 2438 valido
704 2366 852 2439 robore
881 2364 1084 2439 contudit:

334 2471 478 2570 Fregit
505 2496 660 2547 cornua
687 2471 809 2546 lunae

387 2578 580 2653 Phoebus
609 2578 700 2651 luce
728 2577 949 2678 potentior.

281 2737 445 2837 Magnis
474 2739 594 2814 turba
621 2736 703 2812 ruit
730 2739 907 2813 barbara
933 2737 1098 2829 viribus,

281 2846 372 2920 Iam
401 2851 536 2921 totum
564 2843 781 2945 imperium
811 2870 882 2945 spe
910 2851 1030 2921 vorat
1056 2844 1256 2945 improba,

334 2952 612 3028 Circumsessa
639 2951 812 3041 Vienna,

388 3059 480 3150 Qua
507 3064 627 3158 rapta
652 3058 758 3132 nihil
786 3058 969 3134 arduum.

281 3217 459 3309 Quidam
488 3217 779 3308 Christiadum
808 3242 882 3318 pro
910 3218 1065 3318 pudor!
1095 3218 1294 3296 adiuvant

280 3326 439 3424 Regem
466 3324 700 3401 Bistonium
730 3324 902 3400 consilio
932 3333 1057 3426 atque
1085 3350 1182 3426 ope:

333 3434 418 3523 Est,
448 3433 518 3532 qui
546 3431 715 3508 foedera
741 3439 902 3533 pangat

385 3541 567 3615 Demens
596 3539 822 3640 perniciem
850 3539 894 3613 in
922 3564 1050 3614 suam.

280 3699 506 3774 Turcarum
536 3698 687 3774 auxilio
717 3698 895 3774 Graecia
923 3698 1117 3791 concidit,
1260 3732 1264 3738 ·

280 3806 391 3880 Dum
419 3805 551 3880 saevit
577 3805 716 3904 gladio
746 3807 790 3881 in
817 3805 982 3906 propria
1008 3807 1191 3882 viscera:

331 3912 447 3988 Vicit
472 3913 668 3988 barbarus
694 3914 869 4003 hostem,

385 4018 510 4117 Agris
539 4021 683 4096 cedere
711 4019 855 4095 noluit.

278 4177 339 4254 At
364 4179 495 4254 fidens
524 4179 663 4272 animi,
693 4179 868 4255 militiae
896 4188 1026 4272 vetus,

280 4285 431 4362 Sollers
458 4285 616 4386 ingenii
645 4287 813 4387 dispicit
841 4287 979 4363 omnia

332 4393 386 4469 Et
412 4393 628 4469 molimina
656 4394 876 4488 Thracum,

385 4500 509 4575 Titan
537 4500 724 4577 exoriens
752 4502 867 4577 velut
