3164 5154
701 221 907 279 SILVARUM

727 524 860 592 XVHI.

269 739 487 817 MAESTO
517 739 772 817 TEMPORE
800 739 917 817 NON
946 739 1339 820 INDULGENDUM

653 873 941 952 AMORIBUS.

1289 995 1386 1053 arrr-

162 1087 252 1178 Quo
282 1110 450 1161 caecum
480 1085 631 1162 retinet
657 1094 802 1187 pectus
831 1089 972 1161 amor?
1003 1111 1195 1187 rumpere
1221 1087 1376 1175 vincula,

161 1192 247 1268 Ah!
278 1193 448 1268 tandem
476 1193 605 1268 libeat
632 1194 834 1270 sollicitae
862 1199 1023 1268 maesta
1050 1193 1280 1293 cupidinis!

162 1301 271 1392 Quid
299 1299 431 1375 crines
459 1299 580 1392 nivei,
611 1300 708 1400 quid
736 1325 879 1375 roseae
908 1300 1127 1376 debilitant
1154 1326 1287 1400 genae

164 1408 412 1483 Constantes
441 1407 612 1497 animos,
642 1408 855 1507 ingenium
884 1406 1109 1506 surripiunt
1134 1411 1289 1506 grave?
1391 1460 1400 1495 ,

161 1513 230 1588 An
244 1539 327 1590 non
342 1514 427 1588 tela
439 1513 588 1588 times?
603 1513 751 1589 falcem
764 1514 878 1589 acuit
886 1539 1007 1604 mors,
1029 1513 1156 1613 capiti
1177 1513 1371 1589 imminet!

164 1621 323 1696 Nostris
351 1620 604 1719 temporibus
634 1628 784 1696 cuncta
810 1619 915 1695 truci
942 1622 1067 1720 plena
1093 1620 1292 1720 periculo:

163 1727 309 1819 Pestis,
339 1727 449 1802 bella
475 1726 665 1819 fremunt,
697 1728 784 1802 dira
811 1725 942 1802 fames
961 1753 1057 1802 mox
1081 1727 1216 1803 aderit
1236 1752 1373 1804 comes

163 1834 257 1908 Non
284 1833 444 1909 tristem
474 1835 637 1933 sapiens
667 1834 851 1910 excutiat
879 1834 1001 1909 corde
1029 1833 1271 1909 libidinem?
1396 1830 1404 1868 ⁸

163 1940 257 2015 Non
285 1946 444 2015 mentes
473 1940 554 2015 alio
583 1941 728 2017 flectat
755 1966 908 2028 amans,
939 1940 1137 2040 suspiciat
1163 1941 1305 2041 polum

163 2046 1106 2148 Aesicutfragilemspernathumumlubricam
1116 2046 1399 2122 harundinem?

165 2154 343 2228 Summis
371 2155 482 2229 unda
510 2154 617 2253 iugis
645 2154 862 2255 praecipiti
891 2155 987 2228 dum
1014 2153 1107 2228 fluit
1133 2153 1301 2254 impetu,
1391 2204 1410 2242 1,

167 2260 315 2337 Secum
344 2285 445 2336 saxa
470 2261 589 2361 rapit,
619 2268 738 2362 prata
766 2261 869 2353 ferit,
896 2262 1008 2337 laeta
1035 2267 1126 2336 sata
1154 2261 1280 2337 eruit:

165 2367 234 2443 Sic
262 2374 377 2443 aetas
404 2366 566 2465 fugiens
595 2375 747 2444 cuncta
774 2367 912 2459 trahit,
943 2367 1115 2467 dissipat
1143 2368 1294 2458 omnia,

164 2474 249 2550 Nos
278 2475 428 2573 glaeba
455 2474 624 2550 miseros
654 2483 696 2550 et
723 2474 886 2550 modico
915 2475 1082 2575 pulvere
1111 2475 1309 2574 contegit.

164 2580 274 2655 Hinc
294 2605 446 2674 arcum,
475 2582 723 2680 pharetram,
754 2581 850 2673 tela,
877 2580 988 2657 faces
1007 2582 1147 2681 linque
1169 2581 1412 2681 Cupidinis„

164 2688 218 2761 Et
246 2713 364 2763 curas
392 2713 557 2763 remove
585 2696 671 2764 tam
699 2686 834 2764 fatuas
864 2689 1057 2787 ambiguo
1087 2694 1219 2763 statu:

167 2794 231 2870 Sit
257 2794 409 2870 mentis
437 2796 575 2895 potius
604 2801 722 2893 grata
751 2796 859 2869 salus
888 2801 1012 2894 atque
1041 2795 1169 2870 animi
1196 2794 1316 2870 nitor.

755 3324 855 3390 XIX.

447 3539 694 3617 VESANUS
721 3540 878 3617 AMOR
905 3538 1160 3617 DELUSUS.

275 3752 408 3843 Quam
439 3750 567 3826 fallax
594 3751 808 3825 hominum
837 3750 961 3843 furor,
1292 3762 1341 3818 fot
1358 3763 1406 3817 ts·

381 3858 544 3933 insanis
573 3857 733 3933 facibus
763 3884 854 3932 cum
886 3856 1074 3957 Cypridis
1103 3856 1259 3931 calent!

273 3966 400 4041 Dives
430 3965 629 4041 Nicoleon
659 3964 806 4063 Clyten

382 4070 572 4148 Ardebat
600 4073 747 4147 misere
776 4070 966 4171 pauperis
996 4068 1161 4169 auguris
1404 4114 1415 4153 4

274 4179 454 4257 Uxorem
481 4178 608 4253 roseis
636 4179 762 4278 genis,

381 4287 513 4362 Laeta
540 4285 687 4378 fronte,
718 4284 846 4360 oculis
876 4285 994 4360 dulce
1023 4282 1284 4373 micantibus,

275 4390 335 4468 At
363 4393 521 4468 Romae
549 4393 698 4468 veteris
726 4417 868 4492 parem

383 4500 584 4575 Matronis
611 4500 732 4575 niveo
761 4499 861 4573 flore
888 4497 1056 4598 pudoris
1086 4502 1128 4572 et
