3164 5154
540 246 614 300 LIB.
633 246 702 301 XII.
721 247 835 302 16-18.

244 446 354 522 Saxa
382 444 636 536 scinduntur,
665 450 827 521 statuae
854 444 1108 536 tremiscunt,

245 554 374 628 Terra
402 577 447 627 se
473 551 604 642 findit
632 551 740 651 tegit
767 559 857 629 atra
883 554 1014 628 nubes

245 659 352 736 Solis
381 659 545 734 obscuri
573 658 724 750 radios,
753 659 936 735 tenebris

350 766 526 841 Mundus
554 765 747 841 inhorret.

246 924 444 1001 Ordinem
473 927 708 1002 consultum
737 927 946 1002 elementa
973 932 1137 1003 mutant

248 1035 302 1109 Et
330 1033 406 1108 deo
434 1034 572 1133 legem
601 1033 790 1134 patiente
816 1034 966 1108 nolunt
1077 1097 1081 1103 .

246 1139 471 1216 Pristinam
499 1165 682 1215 servare:
712 1140 831 1217 nefas
860 1140 1043 1216 dolorem

354 1247 553 1323 Omnibus
583 1246 728 1323 adfert.

246 1407 433 1507 Rupibus
461 1408 535 1484 sed
563 1408 674 1483 solus
702 1408 827 1483 homo
855 1407 1018 1484 videtur

246 1513 413 1589 Durior:
440 1514 540 1590 trita
566 1513 711 1615 nequit
739 1514 921 1591 amoveri

248 1620 416 1713 Semita,
442 1622 556 1696 nullo
585 1621 754 1722 pietatis
783 1622 881 1722 igne

353 1728 593 1827 Languidus
622 1730 749 1805 ardet.

249 1885 382 1986 Surge
409 1888 578 1962 tandem
606 1887 768 1964 letifero
799 1914 963 1989 sopore:

250 1993 354 2069 Cum
385 1995 484 2070 deus
513 2021 587 2094 pro
617 2002 659 2070 te
687 1996 870 2088 moritur,
902 1995 1000 2097 quid
1028 2020 1138 2071 erras

248 2100 392 2177 Deviis
422 2102 579 2202 culpis?
609 2101 761 2203 Cupias
790 2102 949 2180 amanti

355 2208 545 2284 Reddere
573 2209 714 2285 vitam.

600 2807 734 2874 XVIII.

413 3024 597 3103 FORMA
624 3023 927 3105 NEGLECTA.

246 3237 408 3312 Aureus
435 3244 573 3326 vento,
603 3237 808 3330 Telesilla,
838 3237 959 3314 crinis
1138 3253 1188 3309 fol.
1208 3256 1278 3310 195¹·

250 3342 479 3443 Spargitur,
509 3345 624 3420 nullo
653 3345 869 3445 relegante
896 3346 1025 3421 nodo:

249 3450 343 3528 Non
371 3476 470 3526 acus
499 3451 729 3550 distinguit,
760 3478 867 3553 apex
894 3477 971 3528 nec
1000 3454 1084 3529 alto

354 3557 524 3635 Vertice
552 3559 692 3658 surgit

251 3715 368 3791 Colla
394 3716 538 3792 nativa
565 3716 705 3816 specie
731 3717 934 3794 relucent:

248 3823 385 3898 Fucus
414 3830 486 3899 aut
514 3848 677 3899 cerussa
704 3847 818 3901 rosas
845 3849 1045 3925 genarum

249 3930 444 4029 Inquinat
469 3955 695 4031 numquam
723 3954 801 4005 nec
829 3934 929 4008 ebur
956 3934 1169 4012 modestae

355 4037 519 4114 Frontis
547 4037 765 4113 inumbrat.

253 4199 328 4274 Sat
355 4196 433 4273 tibi
459 4205 612 4275 natura
640 4198 756 4274 dedit
781 4197 948 4274 nitoris:

250 4305 444 4380 Emicant
470 4313 636 4405 gratum
664 4304 820 4405 proprii
849 4306 1020 4397 colores,

250 4412 342 4486 Non
369 4412 508 4511 placet
535 4413 722 4512 quaesita
748 4411 889 4488 labore
918 4414 1047 4490 multo

358 4518 503 4594 Gratia
531 4520 678 4595 vultus.
