3164 5154
627 205 702 262 LIB.
720 206 759 262 Π.
781 207 896 263 15-17.

278 405 485 481 Theseum
512 406 582 481 file
612 432 707 481 eum
736 404 923 482 Ariadna
951 405 1066 499 iuvit,

278 513 469 588 Iasonem
497 519 636 588 tauros
665 537 856 612 superare
885 512 1050 590 Colchis

276 619 474 694 Fervidos
501 619 690 711 flammis,
719 620 841 695 nivea
868 620 1028 695 refulsit

382 726 536 802 Fronte
563 725 713 802 favilla.

278 886 506 960 Fraudibus
534 887 694 987 pollent
722 887 868 962 avidae
896 888 1075 987 puellae:

277 994 400 1069 Dona
428 993 526 1067 (lum
554 1000 736 1093 captant,
768 994 965 1070 simulant
992 1018 1191 1070 amorem:

277 1101 431 1176 Verum
460 1100 530 1175 ubi
559 1101 703 1176 dextra
730 1126 861 1176 vacua
887 1101 1047 1194 videris,

383 1206 540 1283 Taedia
567 1210 739 1308 praebes

277 1367 439 1442 Aureus
468 1367 653 1443 clausum
681 1374 872 1468 penetrat
900 1367 1033 1443 cubile

277 1474 415 1549 Imber
442 1480 567 1574 atque
597 1498 738 1549 omnes
767 1500 948 1551 reserare
976 1480 1117 1575 portas

277 1581 418 1656 Novit:
448 1605 502 1655 an
530 1581 642 1656 solus
669 1582 845 1658 Danaen
873 1580 1022 1657 fefellit

384 1688 411 1763 J
415 1687 580 1787 uppiter
608 1688 730 1763 olim?

276 1847 415 1922 Mollis
443 1855 490 1923 ut
518 1872 613 1923 cera
641 1854 704 1923 est
731 1848 888 1940 mulier,
916 1848 1091 1947 figuram
1203 1915 1206 1921 .

279 1954 516 2045 Quamlibet
543 1955 684 2049 sumit;
714 1956 885 2031 meliore
912 1980 1004 2030 raro

278 2061 338 2135 At
364 2068 465 2161 typo
494 2062 659 2160 gaudet,
690 2063 814 2138 decus
845 2087 965 2138 omne
995 2069 1108 2137 certa

386 2167 568 2268 Colpore
595 2167 711 2244 ferre.

277 2328 454 2404 Fallitur
481 2352 590 2404 vana
619 2329 756 2428 specie
786 2329 978 2404 iuventus

279 2436 332 2509 Et
358 2459 513 2534 procax
540 2435 695 2535 frangit
722 2435 901 2535 seopulis
931 2437 1115 2511 carinam

279 2543 372 2617 Non
402 2542 500 2617 satis
530 2549 710 2618 cautam:
743 2543 902 2643 rapitur
928 2542 1079 2618 furenti

385 2648 514 2724 Pinus
543 2653 594 2725 ab
624 2657 752 2725 aestu.

279 2807 412 2884 Abice
439 2809 537 2883 hine
564 2808 726 2908 primae,
755 2809 948 2902 Fabiana,
978 2810 1176 2900 flammas

281 2915 381 3005 Quis
410 2941 482 2991 eor
509 2916 701 2991 accendit
728 2916 894 2991 niveum
921 2918 1127 3009 Lacaena3

279 3023 461 3097 Moribus
490 3023 643 3097 sanctis
672 3024 771 3097 licet
798 3048 887 3099 esse
917 3025 1040 3114 dicas,

385 3129 532 3204 Fidere
561 3129 657 3205 noli.

706 3749 819 3813 XVII.

168 3964 245 4041 ΑΙ)
277 3962 566 4042 CANDlDUM
595 3964 797 4043 UXORIS
826 3963 1015 4041 MORTE
1043 3963 1352 4042 TURBATUM.

280 4160 435 4235 Tristes
466 4161 651 4260 querelas
680 4160 815 4234 fundis
844 4161 887 4233 in
915 4161 1095 4251 aethera,
1251 4173 1300 4228 fol.
1319 4175 1375 4229 ner·

278 4267 443 4343 Dilecta
472 4268 649 4342 coniunx
678 4269 786 4366 quml
815 4267 890 4343 tibi
919 4278 1081 4342 mortua

331 4375 385 4448 Et
411 4374 530 4450 liberi
559 4375 667 4473 quod
699 4377 805 4449 lacte
834 4374 948 4473 parvi

385 4482 528 4557 Matris
558 4487 600 4555 et
627 4484 751 4556 ubere
781 4481 863 4555 sint
889 4481 1051 4579 repulsi.
