3164 5154
492 237 566 294 LIB.
586 238 639 292 IX.
657 240 737 297 2-4.

534 473 545 497 ·
577 452 641 521 III.

307 598 578 676 TRISTITIA
607 597 897 675 PELLENDA.

179 760 325 836 Tristis
355 785 397 835 es
416 761 605 847 multum,
626 760 828 850 phaeton,
850 758 1026 834 dolentis
1080 775 1130 830 fol.
1152 777 1221 832 154¹-

181 867 325 944 Cordis
353 865 541 941 adfectus
570 867 688 941 oculo
717 867 922 941 relucent:

179 974 384 1075 Displicet
412 999 558 1063 sermn,
588 974 716 1049 tacito
746 974 906 1048 sodales

286 1080 451 1181 Aspicis
481 1105 561 1155 ore.

182 1242 297 1332 Quae
324 1241 385 1316 tui
412 1241 548 1316 vultus
576 1240 682 1316 ratio
711 1240 776 1315 vel
806 1245 951 1315 error?

181 1348 373 1424 Extulisti
402 1346 508 1423 forte
535 1350 724 1447 patrem?
753 1355 924 1446 penates

180 1455 323 1531 Hostis
352 1454 561 1530 excussit?
589 1453 725 1554 rapuit
753 1454 973 1529 Philemon

288 1561 443 1661 Impius
472 1564 648 1637 aurum?

183 1724 313 1798 Grata
340 1722 406 1796 vel
434 1728 476 1795 te
506 1720 694 1795 destituit
720 1722 911 1821 voluptas

181 1829 342 1904 Fraude
372 1828 601 1926 deceptum,
630 1829 792 1903 sceleris
812 1829 1000 1904 nocentis

181 1935 333 2035 Arguit
359 1934 425 2008 vel
453 1959 568 2009 mens
596 1935 661 2009 vel
690 1942 814 2010 acuta
842 1934 965 2011 febris

289 2042 447 2142 Corpus
476 2041 641 2117 adurit?

184 2203 309 2279 Ocius
337 2227 489 2276 vanum
519 2201 666 2277 cohibe
696 2201 885 2289 furorem,

182 2311 297 2384 Pelle
326 2334 575 2385 maerorem:
605 2316 729 2384 nocet
757 2333 882 2407 aegra
911 2334 1007 2383 cura

183 2417 376 2492 Mollibus
406 2416 611 2505 membris
643 2416 769 2490 animi
800 2415 978 2513 quietem

291 2524 449 2598 Turbat
477 2533 519 2598 et
547 2522 689 2598 aufert,

183 2684 310 2756 Terra
336 2682 394 2756 nil
424 2682 593 2782 dignum
622 2682 813 2772 lacrimis,
844 2685 992 2756 acerbo

184 2789 262 2863 Vel
289 2794 404 2864 tenet
430 2789 555 2879 luctu,
585 2790 762 2889 liquidus
790 2814 867 2863 nec
895 2812 984 2862 aer:

183 2896 343 2972 Cuncta
371 2897 584 2996 permittas
615 2896 792 2996 Superis,
821 2898 1018 2970 recedent

288 3003 437 3078 Nubila
463 3002 619 3079 frontis

576 3409 637 3473 IV.

363 3553 582 3629 FIDUCIA
611 3555 666 3630 IN
697 3554 858 3631 DEUM.

183 3711 350 3786 Numini
379 3713 482 3788 fido:
513 3713 613 3787 mihi
643 3715 733 3811 quis
761 3713 963 3787 nocebit?
1090 3728 1140 3781 1¹01.
1161 3729 1233 3782 154*-

183 3818 309 3893 Astra
329 3828 487 3918 specto:
519 3821 607 3918 quis
628 3821 821 3919 cupidum
840 3819 1032 3894 revellet?

183 3925 275 4000 Non
303 3952 441 4001 moror
468 3934 640 4001 terram:
670 3929 784 4002 iuvat
811 3927 960 4002 intueri

288 4034 447 4106 Lumen
477 4035 651 4133 Olympi.

183 4192 300 4268 Veris
327 4192 411 4266 illic
440 4193 627 4292 perpetui
657 4218 803 4268 serena

182 4298 297 4372 Aura
325 4299 471 4398 spirat:
500 4327 585 4375 non
614 4301 794 4375 tumidus
823 4301 1025 4401 procellas

181 4405 348 4480 Excitat
374 4407 512 4482 tristes
541 4407 693 4505 Aquilo
721 4432 798 4482 nec
825 4410 968 4483 horror

289 4513 483 4611 Aequora
512 4515 667 4589 miscet.
