3164 5154
700 230 911 288 SILVARUM

323 431 460 524 Labie,
489 431 728 532 priusquam
756 430 1038 531 conspicerem
1057 429 1179 524 diem,

326 537 459 639 Culpa
484 544 703 640 parentum
730 537 813 621 iam
840 535 999 613 fueram
1026 561 1141 633 reus;

377 646 487 721 Hinc
518 644 650 745 surgit
678 645 897 721 ardescens
926 643 1089 745 cupid0‚

430 752 540 829 Hinc
568 752 721 844 odium,
749 752 884 845 timor,
913 751 975 827 ira
1001 757 1151 828 versat

323 913 458 990 Morbi
486 912 583 988 inde
611 912 763 1005 tristes,
795 937 889 988 cum
916 910 1098 989 lacrimis
1127 912 1246 990 dolor

323 1022 508 1096 Mentem
535 1020 746 1095 lacessunt
773 1027 815 1095 et
842 1019 953 1097 mala
980 1016 1155 1117 gaudia*

378 1129 525 1203 Errore
553 1129 734 1217 turbant,
763 1150 817 1202 ne
845 1151 1047 1228 supernae

432 1233 496 1311 Sit
522 1234 682 1334 patriae
710 1239 1021 1333 memoratque
1049 1232 1228 1335 Olympi.
1382 1284 1390 1321 1

324 1395 441 1471 Haec
469 1393 578 1470 inter
606 1393 721 1493 aegri
750 1392 912 1470 somnia
938 1392 1118 1493 pectoris
1166 1426 1168 1431 ’

325 1502 378 1577 Et
404 1527 540 1576 rerum
569 1501 714 1576 inanes
741 1500 891 1577 transit
918 1499 1122 1601 imagines

378 1608 503 1686 Vitae
532 1608 713 1684 caducae
740 1614 917 1708 tempus,
946 1608 1050 1684 hora

432 1714 591 1792 Ultima
617 1715 716 1790 dum
744 1715 915 1791 miseros
943 1713 1124 1790 revellat.

327 1874 361 1952 O
390 1873 541 1973 linque,
570 1874 698 1951 fallax
724 1876 855 1964 turba,
881 1873 1088 1973 puertiam

326 1982 379 2056 Et
404 1982 601 2058 vanitatis
630 1980 771 2057 taedia
799 1980 933 2057 dilue:

381 2088 578 2189 Spectare
605 2089 740 2163 lucem
770 2087 1062 2188 sempiternam

431 2193 496 2271 Ac
524 2194 648 2270 radiis
676 2195 805 2271 libeat
831 2194 965 2295 potiri.

754 2796 850 2863 XVI.

543 3013 696 3090 AMOR
723 3012 1068 3091 MODERATUS.

324 3224 521 3300 Dulcibus
550 3224 695 3299 vinclis
724 3225 884 3301 animus
911 3226 1065 3326 ligatus
1296 3241 1344 3298 fol.
1359 3241 1404 3296 ar·

329 3332 441 3407 Vixit
468 3331 512 3406 in
541 3339 685 3408 sancta
711 3332 872 3433 placide
901 3333 1050 3432 quiete,

325 3439 498 3515 Garrulc
528 3439 725 3515 blandum
752 3446 970 3516 veneratus
999 3464 1069 3516 ore

429 3547 592 3621 Numen
621 3546 783 3621 amoris.

323 3706 538 3804 Virginem
565 3706 680 3781 vultu
709 3706 837 3782 coluit
863 3705 1050 3781 modesto
1126 3764 1128 3768 Α

323 3813 496 3887 Artibus
527 3814 673 3888 doctae
702 3813 904 3888 celebrem
931 3813 1143 3888 Minervae

323 3921 376 3993 Et
405 3918 529 4021 (quod
557 3920 636 3994 hac
662 3919 831 3996 flamma
859 3925 984 4021 caput
1012 3919 1087 4020 est)
1117 3921 1323 3999 calentem

430 4026 600 4124 Ignibus
630 4026 781 4125 aequis.

324 4183 440 4259 Arsit
468 4191 512 4260 at
539 4186 683 4260 ludens
711 4185 884 4260 nimium
913 4185 1073 4287 Cupido

324 4291 476 4391 Atque,
507 4299 553 4367 ut
580 4290 780 4367 Aetnaeis
808 4317 1005 4368 resonans
1033 4292 1209 4370 caminis

323 4399 523 4474 Mulciber
551 4399 690 4489 saevit,
718 4400 962 4475 metuendus
991 4407 1108 4476 aestu

429 4505 599 4582 Viscera
627 4507 758 4581 torsit.
