3164 5154
488 284 561 338 LIB.
581 287 613 342 x.
632 285 712 342 7-8.

559 588 656 653 VIII.

339 820 616 899 SUSPECTA
646 821 870 899 SPONSA.

176 1034 369 1108 Lesbiam
398 1037 591 1109 servabat
617 1059 761 1109 amans
789 1036 996 1111 Metellus:
1078 1052 1220 1109 f01.167'·

176 1138 398 1215 Aemulum
428 1166 524 1216 vero
554 1142 703 1216 metuit
730 1143 925 1235 Leonem,

176 1247 238 1322 Ne
267 1246 345 1322 sibi
374 1272 569 1347 sponsam
597 1257 762 1348 raperet
788 1248 942 1324 furenti

284 1353 482 1430 Concitus
511 1361 658 1430 aestro.

178 1551 315 1643 ,Mitte
343 1576 518 1626 vesanos
547 1551 674 1627 enimi
703 1551 894 1626 timores:

178 1655 220 1732 Si
249 1664 321 1732 tuo
350 1658 530 1733 laetatur
557 1659 692 1734 amica
718 1659 846 1749 vultu,

176 1765 414 1858 Praevales;
445 1771 490 1840 al
517 1765 550 1839 si
580 1766 753 1858 dubitat,
783 1790 1003 1866 procacem

282 1873 439 1947 Temne
467 1872 658 1972 puellam.

177 2066 221 2141 Si
250 2091 323 2141 sua
351 2069 482 2141 nubet
508 2067 586 2141 libi
615 2074 775 2167 sponte,
804 2067 952 2143 vineis:

176 2175 290 2247 Dura
319 2173 353 2248 si
380 2174 497 2265 nolit,
527 2199 701 2274 propere
729 2175 911 2267 recedes;

177 2282 281 2355 Nam
311 2305 454 2380 parum
483 2281 638 2380 perdis:
669 2281 838 2356 meliore
867 2282 963 2357 dole

282 2388 433 2462 Forma
461 2394 636 2488 petatur.

178 2583 289 2672 Quot
316 2583 420 2657 mari
448 2583 598 2659 fluetus
627 2584 799 2674 tumido,
830 2609 974 2658 sereno

177 2691 303 2765 Astra
332 2696 432 2791 quot
461 2690 588 2782 eaelo,
618 2691 753 2765 telin
783 2694 880 2766 orbe
909 2697 1050 2766 nostro

178 2797 370 2896 Virgines
400 2798 546 2889 oemio,
577 2798 714 2897 speeie
744 2798 921 2891 decenti,

285 2904 365 2980 Ore
394 2906 594 2979 modesto.

179 3098 274 3172 Sola
302 3105 345 3173 te
373 3125 457 3174 non
485 3100 672 3199 pelliciat
698 3106 909 3175 venustas:

179 3205 387 3281 Candidos
415 3232 550 3281 mores
579 3208 717 3307 potius
745 3208 953 3308 probabis;

176 3314 269 3387 Non
299 3338 398 3413 opes
426 3314 588 3389 fallant:
619 3315 756 3391 animo
785 3314 978 3415 pudieam

282 3420 399 3520 Elige
428 3422 633 3521 prudene‘

178 3617 263 3691 Ista
294 3643 387 3691 eum
419 3616 584 3716 Crispus
612 3617 754 3692 retulit
781 3617 961 3709 Metello,

177 3725 252 3798 Est
280 3749 352 3798 suo
383 3750 534 3824 sponsa
562 3725 731 3800 arbitrio
759 3724 919 3799 relicta:

177 3831 285 3905 Hine
315 3831 428 3906 faces
458 3839 596 3932 spreto
624 3837 785 3907 veteres
813 3832 955 3905 Leone

285 3937 447 4013 Ambiit
474 3941 632 4014 ordene.
