3164 5154
697 1017 724 1082 Ι.

267 1234 467 1312 VIRTUS
495 1232 668 1310 REBUS
699 1231 941 1308 OMNIBUS
970 1232 1155 1309 MAIOR.

177 1447 313 1522 Aulae
342 1445 544 1521 sustineat
571 1446 714 1519 crebra
740 1443 922 1542 negotia,
1223 1458 1273 1513 fol.
1293 1462 1326 1513 r-

180 1554 312 1643 Quem
339 1552 573 1651 praecelsus
601 1551 745 1640 honor,
776 1574 900 1648 quem
928 1557 1065 1627 tumor
1094 1552 1246 1653 abripit

178 1661 231 1735 Et
257 1659 388 1734 fastus
416 1657 551 1731 nitida
577 1656 686 1731 fallit
713 1656 895 1754 imagine

179 1765 243 1840 Ac
273 1789 397 1841 curae
426 1763 598 1855 steriles,
628 1762 788 1838 ludicra
816 1764 987 1839 somnia.

179 1872 414 1947 inflammet
443 1870 639 1969 cupidum
669 1869 855 1944 dulcibus
884 1870 1049 1968 ignibus

177 1978 326 2052 Vultus
355 1976 592 2052 Timocleae
620 1974 802 2050 lubricus
831 1976 972 2075 aspici,

180 2085 412 2159 Thesauros
441 2083 624 2158 cumulet
653 2083 776 2174 dives,
805 2106 904 2181 opes
934 2085 1098 2158 domum

178 2190 404 2264 Immensas
432 2189 616 2264 Arabum
645 2189 766 2264 litore
795 2189 974 2265 devehat

177 2299 230 2370 Et
256 2298 373 2372 lauru
400 2295 532 2371 libeat
561 2295 726 2392 cingere
753 2301 952 2394 tempora,

178 2403 289 2492 Quos
319 2407 485 2501 gestant
512 2408 653 2477 tenero
682 2400 867 2476 Pierides
897 2401 999 2475 sinu.

176 2511 243 2584 Me
271 2509 399 2584 virtus
428 2508 642 2583 hominum
671 2507 857 2582 coetibus
886 2507 1050 2582 eximat.

178 2615 308 2690 Sistat
336 2615 495 2690 sidereo
525 2614 742 2713 spirituum
773 2614 895 2689 choro

176 2721 241 2796 Ac
270 2723 416 2796 durum
444 2747 518 2821 per
545 2721 624 2797 iter
651 2747 718 2796 me
744 2719 951 2820 patientia

176 2830 315 2904 Ducat
343 2827 520 2904 sollicite
548 2853 632 2904 non
661 2827 864 2926 trepidum
896 2825 1021 2925 sequi.

176 2935 268 3011 Non
295 2941 476 3033 tangunt
503 2933 687 3008 animum
715 2933 850 3009 tristia
877 2932 1008 3031 iurgia

177 3041 264 3116 Nec
294 3041 477 3117 crudelia
504 3066 571 3114 me
600 3040 828 3115 dilacerant
855 3041 1008 3138 probra

178 3147 266 3223 Aut
293 3155 446 3222 terrere
475 3147 581 3222 solet
609 3154 768 3222 maesta
798 3146 1027 3221 calumnia:

178 3254 383 3330 Permitto
412 3253 568 3353 superis
599 3253 748 3328 omnia.
779 3252 863 3328 Sub
893 3252 1029 3325 crucis

178 3360 341 3436 Vexillo
371 3360 506 3458 cupio
537 3359 737 3459 quidquid
764 3358 851 3449 erit,
882 3359 980 3458 pati.

178 3466 425 3541 Immortalis
453 3467 596 3558 honor,
626 3467 759 3565 gloria
786 3465 985 3540 verticem

178 3572 373 3647 Aeternis
401 3573 526 3647 radiis
556 3573 698 3672 cinget
727 3579 769 3646 et
797 3571 961 3647 ambiet.

179 3678 259 3767 Qui
286 3679 420 3755 laetus
449 3680 608 3771 tolerat,
636 3704 760 3755 saeva
786 3678 1010 3753 necessitas

179 3783 222 3859 Si
253 3784 352 3883 quid
379 3784 485 3860 ferre
513 3785 639 3875 iubet,
668 3811 747 3860 nec
776 3786 968 3885 querulus
997 3782 1136 3881 gemit.

179 3890 247 3965 An
274 3917 341 3966 me
368 3892 467 3966 flere
496 3891 641 3967 iuvet?
670 3894 806 3990 Turpe
833 3890 957 3964 nimis
985 3890 1072 3962 viro

180 3995 400 4073 Constanti
427 3998 619 4073 lacrimas
647 3998 829 4082 fundere,
858 3996 1031 4072 vocibus

179 4103 306 4179 Heroi
334 4105 474 4181 vetitis
501 4111 717 4205 percutere
748 4127 854 4180 aera.

180 4208 300 4299 Quod
328 4212 485 4303 durum,
514 4212 645 4287 levius
672 4213 722 4286 fit
747 4208 962 4309 patientia.
