3164 5154
772 259 893 316 OARM.
916 259 1019 314 SING.

464 462 519 535 Et
547 484 745 561 spargens
772 459 911 535 radios
938 460 1082 536 nubila
1111 460 1304 553 discutit,

465 568 600 643 Heros
630 574 717 643 arte
745 591 855 643 nova
882 570 1124 644 submovet:
1154 567 1276 644 irrita

519 675 661 752 Virtus
688 674 858 749 reddere
885 674 1004 750 novit

571 781 832 882 Infestosque
859 781 1079 857 retundere

465 941 605 1043 Atque
635 966 774 1017 arcere
802 941 946 1041 procul
974 943 1190 1017 moenibus
1220 942 1393 1042 impios

463 1051 517 1126 Et
543 1054 635 1124 tota
662 1048 826 1148 penitus
857 1048 1011 1149 pellere
1040 1052 1092 1124 ab
1120 1048 1312 1140 Austria,

519 1157 623 1233 Cum
651 1155 820 1231 subnisa
846 1157 1008 1256 potenti

569 1264 733 1361 Regum
762 1262 945 1338 subsidio
975 1288 1024 1337 ac
1053 1263 1218 1338 ducum.
1512 1316 1535 1355 s

468 1425 488 1499 I
514 1449 639 1513 nunc,
670 1422 887 1498 Threiciae
914 1423 995 1497 fide
1023 1422 1249 1522 tyrannidi,

463 1532 688 1605 Turcarum
716 1530 851 1605 socius
879 1554 1006 1630 posce
1034 1529 1257 1630 stipendia:

516 1639 714 1712 Emestus
744 1636 882 1737 quatit
909 1661 1026 1711 arma

569 1743 761 1843 Dirisque
789 1743 980 1820 imminet
1006 1743 1207 1820 hostibus,

465 1903 597 2004 Capto
627 1902 835 2001 Strigonio
864 1902 999 1980 fracta
1024 1903 1213 2003 potentia

463 2011 676 2110 Nutatque
705 2009 924 2111 imperium
951 2010 1128 2087 Bistonii
1156 2010 1296 2085 ducis:

517 2117 667 2193 Audax
694 2120 871 2193 barbara
897 2141 1026 2215 regna

569 2224 688 2299 Miles
716 2223 900 2301 funditus
928 2249 1034 2300 erue.

863 2807 907 2871 H.

248 3025 305 3102 IN
332 3021 556 3101 LAUDEM
582 3022 629 3100 R.
654 3022 696 3098 P.
720 3019 894 3099 MARCI
922 3021 994 3098 DE
1022 3020 1230 3100 AVIANO
1262 3020 1540 3104 CAPUCINI.

460 3235 592 3326 Quem
621 3235 752 3309 virum
780 3258 928 3335 posces
956 3235 1165 3311 celebrare
1195 3233 1316 3312 Clio?
1386 3166 1526 3311 eddi?

461 3342 587 3418 Cuius
616 3342 659 3417 in
687 3342 831 3417 laudes
858 3367 969 3417 nova
997 3341 1285 3440 dithyrambus

459 3449 598 3526 Verba
626 3449 830 3541 devolvet,
860 3450 950 3547 lyra
975 3449 1043 3525 vel
1070 3473 1224 3525 canoro

568 3556 761 3631 Carmine
789 3556 921 3632 dicet?

460 3714 678 3790 Gaesarem
709 3716 867 3789 Turcae
896 3713 1092 3814 auspiciis
1121 3713 1316 3789 secundis

461 3817 608 3901 Castra
634 3820 887 3913 fundentem,
916 3821 1058 3922 spoliis
1086 3823 1311 3921 superbum

458 3928 691 4005 Sarmatam
719 3929 890 4005 Thracis
917 3927 1098 4004 numeris
1127 3928 1181 4003 ad
1209 3935 1342 4022 astra,

564 4036 687 4126 Pieri,
717 4036 871 4111 tolles?

458 4195 536 4271 Vel
564 4195 711 4271 ducem
739 4195 888 4270 Boium
915 4194 1051 4269 valido
1079 4200 1346 4294 prementem

457 4303 662 4379 Barbaros
690 4302 783 4377 nisu
814 4301 1059 4378 Carolumve
1087 4300 1185 4377 forti

456 4409 659 4485 Bracchio
689 4416 942 4485 sternentem
969 4407 1097 4484 Asiae
1124 4407 1314 4508 potentis

562 4517 747 4615 Agmina
774 4516 918 4592 victa?
