3164 5154
622 234 691 290 sm.
708 233 785 293 LIB.
803 235 843 292 Π,
863 237 979 294 19-20.

375 435 437 511 Ne
464 458 532 509 me
561 433 766 527 clientem,
797 434 881 510 dux
901 437 1043 535 probe,
1074 435 1232 529 desere,

375 541 466 632 Quo
481 541 585 618 calle
599 541 769 619 tendam
781 566 867 618 non
883 541 1006 618 dubie
1021 541 1076 617 ad
1089 541 1232 637 deum;

427 649 520 724 Non
548 648 695 724 dextra
721 648 838 726 ludat
863 649 930 724 vel
958 648 1123 725 sinistra

479 754 715 832 Insolitisve
743 780 907 858 premar
932 756 1127 833 tenebris.
1384 809 1402 849 „

754 1105 836 1173 XX.

242 1248 467 1328 HENRICI
496 1251 543 1326 ΙΙ.
573 1249 774 1329 SANCTI
803 1251 1170 1331 IMPERATORIS
1199 1253 1346 1333 LAUS.

262 1410 452 1502 Henrice‚
484 1435 606 1509 quem
634 1417 676 1486 te
705 1412 841 1488 dicere
868 1410 930 1487 fas
960 1410 1060 1488 erit?
1290 1427 1337 1482 fol
1354 1429 1395 1484 so·

262 1517 434 1592 Missum
463 1541 653 1617 supremo
683 1542 733 1593 ex
761 1520 931 1595 aethere
960 1518 1150 1620 spiritum

316 1623 384 1699 An
412 1624 537 1723 stirpe
565 1626 741 1718 mortali,
771 1626 844 1700 sed
872 1626 957 1701 alta

368 1730 639 1830 Progenitum
667 1738 710 1808 te
739 1731 949 1808 hominem
976 1731 1180 1808 fatemur?
1392 1785 1401 1824 r

261 1873 450 1948 Produnt
480 1872 715 1973 frequentes
748 1874 880 1949 morbi
909 1875 1120 1951 hominem
1148 1874 1328 1973 quidem:

260 1980 308 2053 ln
339 1979 552 2078 dignitatis
581 1980 759 2056 culmme
789 1980 978 2080 spiritum

313 2086 534 2163 Praecelsa
561 2087 690 2163 virtus
719 2086 923 2163 castitatis

366 2193 530 2270 Iudicat
557 2201 600 2269 et
626 2194 737 2269 nivei
765 2194 933 2296 pudoris

261 2332 449 2410 Caeleste
478 2342 645 2422 sertum.
674 2336 853 2414 Vincula
880 2334 1047 2435 coniugi
1153 2337 1155 2341 ’

258 2441 500 2517 Intaminati
528 2467 614 2517 non
641 2442 768 2518 animi
796 2449 941 2519 vetant

313 2547 484 2625 Servare
511 2549 627 2649 leges
657 2556 699 2625 et
726 2550 914 2625 modesto

364 2656 543 2755 Imperio
574 2655 767 2732 cohibere
795 2663 942 2731 motus.

256 2796 365 2872 Hinc
393 2798 550 2897 templa
578 2797 685 2872 ditas
714 2796 971 2873 muneribus:
1000 2820 1109 2872 nova

256 2901 344 2978 Aut
371 2904 460 3005 ipse
487 2903 646 2996 fundas,
676 2904 793 3004 lapsa
819 2904 886 2979 vel
914 2902 1048 3001 erigis,

311 3009 426 3100 Quae
453 3013 579 3110 longa
607 3011 800 3086 nimirum
827 3017 1011 3087 vetustas

363 3116 533 3194 Subruit
560 3124 633 3193 aut
659 3118 828 3194 inimica
853 3117 1024 3194 flamma

254 3261 430 3336 Delevit.
460 3259 599 3336 Armis
628 3259 791 3337 fortiter
819 3259 962 3336 atteris

254 3369 406 3443 Hostes
433 3366 638 3467 profanos
666 3367 739 3443 sed
766 3367 956 3467 precibus
984 3364 1116 3464 magis

308 3475 536 3551 Victoriam
564 3475 674 3549 nosti
704 3473 889 3549 obtinere

362 3583 495 3672 Quam
522 3581 661 3657 valida
686 3581 872 3681 peditum
900 3580 1118 3679 phalange.

254 3716 490 3800 Prostratus
519 3724 598 3799 aris
628 3722 824 3821 obsequio
856 3722 977 3796 deum

252 3831 302 3904 ln
329 3838 428 3907 vota
454 3830 603 3907 flectis:
634 3830 769 3904 sidera
795 3829 855 3903 nil
882 3832 1040 3927 negant

307 3939 343 4011 N
346 3963 392 4012 ec
418 3944 529 4013 terra
558 3937 794 4037 quidquam,
826 3936 922 4010 dum
952 3934 1130 4033 sagittae

359 4045 463 4119 Tam
492 4044 645 4120 celeres
674 4049 895 4143 penetrant
924 4040 1157 4141 Olympum.

250 4206 339 4280 Iam
367 4229 496 4304 regna
523 4204 615 4280 miti
643 4203 796 4278 lumine
824 4202 983 4303 respice

252 4312 511 4403 Germaniae,
542 4336 634 4386 arce
662 4311 772 4386 bella
798 4309 952 4385 ferocia

304 4417 344 4494 A
372 4418 506 4518 patria
533 4418 577 4492 in
605 4419 787 4493 Thracas
816 4423 1026 4491 cruentos:

357 4524 539 4625 Odrysiis
568 4526 825 4601 stabulentur
854 4523 972 4599 arvis.
