3164 5154
542 245 616 301 nnr.
635 246 670 302 v.
689 247 770 304 e-o.
1230 257 1293 318 243

115 449 248 524 Inane
277 446 492 546 quamsit,
521 446 720 547 quidquid
752 446 821 522 hio
848 446 1041 547 gerimus,
1078 446 1188 523 subit

224 552 424 630 Animum
451 555 592 631 labore
620 554 819 629 territum.

117 661 228 753 Quid
255 661 365 736 enim
393 659 625 761 fatigamur,
654 660 753 761 quid
780 661 952 760 agimus,
979 660 1013 736 si
1040 661 1145 737 nihil

226 767 443 844 Oblivione
469 768 667 845 liberum?
1255 803 1281 845 n

117 875 273 953 Verum
306 898 433 974 opera
460 875 580 967 iusta,
619 881 725 951 teste
755 898 860 975 quae
890 875 1006 951 eaelo
1034 883 1186 975 patras,

227 980 433 1083 Cratippe,
461 982 611 1058 durant
637 981 851 1082 perpetim.

638 1634 679 1701 V.

431 1853 661 1930 FESTINA
689 1851 876 1930 LENTE.

119 2068 311 2145 Festinus
340 2067 481 2143 omnia
508 2067 613 2167 pede
642 2067 890 2166 deproperas
919 2066 1018 2142 cito:
1131 2079 1181 2137 fot
1201 2082 1270 2138 108³·

227 2175 297 2250 Nil
324 2173 489 2250 turbido
517 2173 685 2272 ingenio
715 2173 863 2272 placet,

120 2281 242 2373 Quod
270 2281 391 2357 sortis
418 2280 695 2356 inconstantis
722 2280 834 2355 haud
862 2278 998 2378 agitur
1023 2286 1115 2356 rota

227 2388 447 2489 Lapsuque
475 2387 692 2487 praecipiti
719 2387 812 2464 ruit.
1271 2440 1285 2479 r

121 2496 245 2572 Haud
272 2495 359 2570 ulla
386 2495 524 2571 clades
551 2500 689 2587 terret,
723 2493 834 2569 haud
865 2494 1025 2593 patriae
1053 2499 1194 2569 movet

228 2601 476 2678 Discrimine
505 2601 698 2699 ambiguo
727 2602 848 2676 salus.

121 2709 304 2810 Impellit
329 2707 512 2784 animum
542 2733 636 2783 oum
663 2708 821 2807 impetu
850 2707 973 2782 oeleri
1001 2705 1125 2800 furor,

229 2816 425 2891 Deourris
454 2821 501 2890 ut
527 2813 645 2889 ferox
674 2840 813 2913 equus,
1273 2863 1287 2904 a

121 2923 311 2999 Reoton's
340 2922 476 2998 audax
502 2919 620 2997 frena
648 2922 717 3020 qui
744 2920 878 2996 nescit
903 2919 991 3020 pati

229 3031 283 3106 Et
310 3029 477 3105 concita
503 3027 632 3103 fertur
659 3029 771 3126 fuga,

122 3137 236 3228 Quot
261 3136 481 3211 imminent
506 3135 702 3235 pericula,
732 3133 919 3225 insidiae,
950 3133 1059 3209 doli?

232 3242 352 3333 Quod
380 3248 519 3343 sperat
545 3241 642 3316 hino
670 3241 802 3316 hostis
829 3241 1015 3316 luorum?

123 3350 270 3450 Caligo
300 3374 449 3449 oapere
477 3350 608 3424 densa
634 3348 785 3424 mentis
813 3373 899 3423 non
927 3348 1034 3441 sinit,

231 3457 353 3533 Ruris
382 3456 520 3532 ooloni
549 3456 659 3554 quod
687 3456 846 3531 sciunt?

122 3565 180 3640 Hi
209 3563 360 3665 quippe
389 3569 513 3638 acuta
540 3561 647 3637 falce
674 3562 812 3659 fruges
840 3586 925 3637 non
954 3570 1125 3656 metunt,

230 3671 320 3746 Nisi
347 3670 499 3746 flavam
528 3668 697 3744 aristam
725 3669 912 3756 viderint,
1263 3717 1288 3758 ,Β

122 3778 211 3855 Neo
238 3778 392 3877 pingue
420 3776 571 3852 iunctis
599 3778 732 3852 bobus
760 3775 971 3851 invertunt
999 3777 1140 3870 solum,

230 3885 319 3959 Nisi
347 3884 458 3983 prius
486 3883 619 3957 imber
645 3883 798 3980 irriget,

122 3992 211 4068 Neo
248 3991 376 4066 cruda
411 3991 573 4066 iactant
605 3990 764 4065 semina
791 3990 834 4063 in
863 4014 1032 4090 campos
1059 3990 1192 4082 rudes,

232 4097 314 4172 Sed
343 4105 440 4174 ante
469 4097 615 4174 aratris
645 4097 851 4172 edomant.
1262 4145 1288 4184 20

124 4205 300 4282 Occasio
330 4205 607 4306 exspectanda
636 4203 763 4278 ouivis
793 4209 855 4277 est
881 4203 940 4278 rei

231 4313 286 4387 Et
312 4318 476 4412 tempus
505 4319 649 4412 aptum
677 4309 849 4401 muneri,

124 4419 224 4494 Tuis
254 4421 363 4518 quod
390 4418 542 4493 umeris
571 4442 746 4516 magnus
775 4417 972 4517 imposuit
1001 4419 1112 4509 deuo,

232 4525 399 4601 Praeire
427 4525 631 4600 mandans
659 4524 829 4616 nivibus
1262 4573 1289 4613 κ

1213 4643 1266 4698 16*
