3164 5154
553 242 629 299 ΠΒ.
646 240 704 299 111„
722 242 841 300 21-24.

230 445 324 519 Non
353 443 513 518 Hector
540 442 685 534 audax,
712 466 798 517 non
825 438 1044 515 Sthenelus
1072 438 1189 516 ferox

233 548 409 625 Adferre
435 551 562 624 robur
587 553 752 625 tantum
780 545 908 623 animi
937 551 1106 647 queant:

286 656 424 733 Heroe
452 680 606 755 magno
635 654 838 754 gloriatur

337 761 416 839 Vel
443 761 544 838 Iove
573 785 617 838 00
645 761 833 860 genitum
860 766 1043 862 parente.

232 920 314 996 Sed
341 921 439 995 dum
468 921 663 997 cohaeret
690 945 763 1020 pes
790 921 907 1021 pede,
936 920 1000 996 vir
1025 921 1126 1013 vire,

231 1027 342 1101 Dum
370 1026 497 1102 caede
525 1026 643 1102 miles
673 1026 805 1103 saevit
831 1026 1022 1121 atrocius,

282 1130 475 1232 Profugit
503 1132 666 1209 abiecta
694 1132 844 1208 sarissa

336 1238 529 1339 Turpiter
557 1245 599 1315 et
627 1238 761 1339 clipeo
789 1238 947 1316 relicto.

229 1396 322 1486 Quo
350 1399 487 1474 tendis
515 1401 687 1474 amens?
715 1423 769 1472 an
796 1398 1002 1474 thalamos
1030 1400 1166 1500 petis?

225 1501 363 1578 Abdis
391 1504 583 1581 timorem
613 1503 799 1602 coniugis
827 1504 871 1578 in
899 1504 1016 1579 sinu?
1100 1534 1103 1539 ·

284 1609 354 1685 Sic
381 1611 538 1711 proelio
567 1610 718 1687 amisso
746 1617 937 1710 receptus

337 1717 584 1815 Tyndaridis
612 1716 731 1792 Paris
759 1717 803 1792 in
831 1716 967 1792 cubili.

226 1874 364 1964 Quam
392 1874 514 1954 foeda
539 1876 656 1953 labes
685 1899 737 1950 ex
765 1875 853 1951 0010
881 1882 998 1951 metu

227 1980 472 2073 Deflectere‚
502 1983 620 2058 ardet
646 2006 788 2082 pugna
814 1981 885 2058 ubi
912 1982 1108 2059 maxime!

283 2087 337 2164 Se
367 2088 544 2164 condere
574 2088 756 2164 obscuris
783 2087 952 2164 latebris

334 2195 408 2270 Est
437 2193 624 2296 Cypridis
654 2193 754 2293 fuga
781 2194 870 2271 sola
896 2195 1105 2295 pulchrae.

632 2408 794 2419 —-—-

482 2632 489 2646 ·
643 2596 777 2666 XXIV.

175 2740 314 2819 LAUS
341 2741 556 2819 NOBILIS
587 2740 832 2820 VIRGINIS
870 2741 940 2819 ET
972 2741 1241 2821 MONITUM.

229 2899 321 2989 Qua
347 2905 390 2974 te
418 2899 541 2974 laude
569 2898 712 2991 feram,
745 2898 889 3000 quibus
1197 2914 1246 2970 fol.
1266 2916 1320 2972 aar·

334 3007 543 3081 Exomem
571 3005 713 3096 titulis,
743 3005 1165 3083 11101111οΡ11Ηο010οΡ

226 3113 319 3186 Non
348 3110 483 3187 dicam
510 3136 650 3187 roseas
678 3135 817 3210 genas,

333 3217 425 3292 Non
454 3217 593 3293 dulces
623 3218 775 3307 oculos,
805 3218 944 3294 lucida
971 3218 1114 3309 sidera,

229 3322 320 3415 Qui,
350 3324 457 3398 sicut
484 3325 572 3399 sine
599 3323 777 3400 nubibus

333 3430 504 3505 Nostros
533 3431 693 3505 caelum
721 3430 880 3506 animos
909 3431 1039 3505 aflicit
1068 3431 1256 3533 etrapit,

229 3534 298 3611 Sic
325 3543 486 3611 mentes
516 3537 641 3612 etiam
669 3537 851 3627 trahunt,

332 3642 426 3717 Non
453 3643 621 3717 horrore
649 3641 724 3717 feri
752 3667 829 3717 nec
858 3641 981 3718 dubio
1010 3649 1133 3718 metu.

227 3748 319 3823 Non
345 3745 492 3824 frontis
520 3747 731 3848 placidum
760 3749 896 3839 decus,

333 3853 427 3930 Non
455 3854 587 3930 crines
617 3855 791 3946 celebro,
821 3854 986 3931 vincula
1015 3855 1212 3950 cordium,

229 3956 328 4049 Quis
357 3985 535 4036 menon
563 3967 717 4037 temere
746 3960 902 4060 alligas,

334 4065 424 4141 Iam
452 4073 619 4166 captum
647 4066 805 4166 laqueis
832 4066 1111 4144 nobilioribus.

226 4170 282 4245 Hi
311 4179 407 4248 sunt
433 4197 527 4249 rara
554 4173 766 4266 modestia,

335 4277 440 4353 Sunt
468 4279 656 4355 caelestis
685 4305 801 4356 011101
827 4279 1018 4380 laetaque
1047 4279 1228 4374 castitas,

228 4381 334 4459 Sunt
362 4390 556 4460 constans
582 4386 727 4485 pietas,
756 4386 870 4478 fides,

333 4491 456 4566 Nulla
483 4492 625 4569 audita
652 4517 753 4569 sono
783 4491 917 4591 iurgia
943 4491 1101 4568 1011100.

1307 4541 1332 4582 16
