3164 5154
676 259 892 313 —XXI-

167 438 335 502 liberioris
374 439 468 502 vitae
508 438 669 502 delinitos
709 437 879 520 illecebra,
918 439 1073 505 laborem
1105 440 1204 524 peius
1238 462 1278 505 ac
1314 441 1395 505 Orci

167 539 284 612 portas
309 526 438 611 fugere,
463 549 594 613 ganeae
620 549 659 590 ac
682 528 833 611 popinae
857 550 894 591 se
917 529 1012 592 dare:
1047 529 1213 615 plurimos
1245 530 1394 595 interdiu

167 624 310 682 stertere
334 624 395 680 aut
416 625 549 701 potare,
564 623 672 680 noctu
686 614 820 700 plateas
836 617 1084 701 perambulare,
1103 618 1145 681 ad
1162 640 1245 682 saxa
1260 619 1394 704 gladios

168 727 336 769 exacuere
361 728 401 770 ac
424 707 607 770 maximam
630 705 793 768 virtutem
819 727 968 787 censere,
994 707 1022 770 si
1046 706 1214 772 scintillas
1238 730 1394 772 excusse·

167 796 246 862 rint.
269 796 518 879 Praeceptores
541 796 636 881 ipsos
659 815 763 880 saepe
786 795 888 859 rudes
913 804 948 860 et
970 797 1109 880 ignaros
1132 796 1227 859 vitiis
1260 797 1395 862 adules-

169 884 305 948 centiae
328 884 556 970 patrocinari3
580 883 708 948 teneris
731 905 849 948 eorum
874 884 996 948 animis
1021 908 1063 950 ea
1093 884 1273 968 instillare,
1307 908 1396 971 quac

168 973 358 1038 masculum
369 973 525 1058 vigorem
535 978 710 1053 enervent,
728 973 769 1037 ad
782 973 924 1038 delicias
940 981 975 1037 et
985 974 1199 1058 voluptatem
1214 974 1396 1040 invitent«.

275 1062 309 1128 S.
337 1070 397 1126 191
424 1062 501 1146 gibt
522 1060 781 1126 Rettenbaoher
804 1062 857 1126 die
882 1064 1024 1128 Griinde
1048 1085 1102 1140 an,
1124 1063 1255 1128 welche
1271 1064 1396 1150 haupt-

171 1149 325 1214 siichlich
365 1150 484 1214 diesen
516 1152 693 1235 traurigen
726 1152 880 1215 Zustand
911 1153 972 1216 der
1007 1152 1197 1217 Litteratur
1233 1153 1304 1217 und
1337 1155 1397 1217 der

168 1239 294 1304 Schule
318 1238 580 1325 herbeigefiihrt
600 1239 723 1303 haben.
770 1240 832 1304 Als
865 1241 982 1306 solche
1014 1241 1130 1327 gelten
1155 1243 1243 1306 ihm:
1270 1263 1398 1327 »prava

167 1350 348 1414 puerorum
390 1328 562 1410 educatio
602 1329 699 1414 peior
735 1329 924 1413 institutio,
965 1330 1159 1395 scholarum
1191 1338 1226 1394 et
1262 1330 1396 1398 schola-

167 1418 256 1481 rium
298 1416 484 1482 multitudo
528 1433 563 1480 61
608 1426 871 1503 praeceptorum
919 1421 1231 1504 magistrorumque
1274 1420 1397 1505 supina

168 1507 393 1592 neglegentia
417 1515 476 1571 aut
498 1507 726 1592 ignorantia«

275 1595 353 1658 Den
377 1595 501 1659 Zweck
525 1595 637 1659 dieser
659 1593 791 1658 Schrift
813 1595 944 1659 enth'alt
970 1597 1003 1661 S.
1031 1607 1046 1661 1
1072 1596 1237 1680 folgende
1268 1595 1395 1662 Stelle:

172 1691 229 1748 »ut
252 1684 295 1748 ad
319 1705 418 1748 veras
443 1691 477 1748 et
501 1686 668 1769 genuinas
691 1684 834 1761 litteras,
852 1707 936 1769 quas
953 1686 1056 1751 docta
1071 1687 1235 1770 probavit
1249 1686 1397 1769 antiqui·

168 1783 231 1855 tac,
256 1773 440 1837 excitarem
466 1795 506 1836 ac
531 1797 551 1837 a
573 1774 648 1837 rudi
684 1773 849 1855 barbarie,
884 1796 986 1858 quam
1018 1797 1150 1860 nupera
1182 1775 1397 1859 quorundam

170 1862 388 1926 indoctorum
411 1863 589 1927 hominum
614 1863 803 1927 disserendi
825 1863 965 1948 prurigo
989 1865 1133 1945 invexit,
1167 1863 1395 1928 dehortarer.‹

274 1951 346 2015 Der
368 1951 503 2015 scharfe
528 1953 614 2035 Tou,
629 1952 779 2016 welcher
793 1952 829 2016 in
845 1953 963 2017 diesen
996 1952 1220 2017 »satirischen
1236 1952 1395 2039 Spielen«

169 2039 497 2123 he1·rscht,mochte
522 2042 589 2105 den
613 2040 791 2106 Verfasser
815 2042 907 2106 wohl
931 2042 1108 2106 bestimmt
1130 2042 1255 2126 haben,
1279 2042 1397 2106 seinen

172 2129 310 2192 wahren
349 2131 485 2194 Namen
526 2153 569 2194 zu
611 2130 871 2216 verschweigen
907 2131 979 2195 und
1016 2132 1091 2196 sich
1127 2131 1241 2196 hinter
1283 2132 1395 2195 einem

173 2219 393 2304 Pseudonym
422 2242 464 2283 zu
488 2219 690 2303 verbergen.

277 2307 329 2369 lm
352 2308 458 2373 Jahre
485 2315 570 2372 1678
602 2309 713 2372 1611116
743 2307 1001 2372 Rettenbacher
1033 2309 1088 2372 die
1120 2307 1294 2394 persische
1327 2309 1398 2371 und

169 2395 345 2459 1111166116
369 2396 521 2482 Sprache
544 2397 608 2460 mit
630 2418 749 2480 regem
759 2394 856 2459 Eifer
878 2398 949 2460 und
972 2418 1127 2482 grossam
1143 2396 1297 2482 Erfolge.
1313 2395 1396 2460 Dies

170 2484 313 2549 ersehen
337 2486 399 2549 wir
422 2508 482 2550 aus
504 2484 704 2570 folgendem
722 2507 766 2548 an
783 2485 850 2548 den
864 2486 1110 2551 Buchh'andler
1122 2487 1147 2552 J
1148 2507 1278 2551 oannes
1293 2485 1395 2571 Bapt.

169 2573 270 2659 Mayr
300 2574 337 2638 in
370 2574 538 2659 Salnburg
571 2581 636 2655 (25.
670 2574 864 2638 December
897 2582 997 2653 1678)
1021 2575 1237 2660 gerichteten
1260 2573 1394 2638 Briefe:

175 2663 270 2728 »Hoc
302 2664 531 2728 omittendum
563 2685 633 2729 non
667 2670 729 2746 est,
764 2670 844 2726 ante
876 2662 962 2728 duos
991 2685 1126 2728 menses
1154 2665 1190 2728 in
1220 2663 1396 2728 Persidem

170 2773 223 2815 me
246 2751 442 2837 profectum
474 2775 545 2817 non
578 2752 722 2838 exiguos
753 2750 886 2816 fruetus
920 2752 1053 2816 itineris
1086 2753 1278 2834 rettulisse3
1309 2772 1394 2837 rogo

167 2841 283 2925 igitur,
307 2840 337 2904 si
361 2864 446 2927 quos
470 2843 629 2908 habuerit
653 2849 712 2906 aut
735 2862 752 2904 6
776 2841 935 2926 catalogo
956 2842 1101 2906 aliorum
1127 2840 1396 2925 bibliopolorum

167 2929 273 2994 libros
296 2933 449 3014 persicos
472 2932 620 3013 noverit,
644 2954 699 2994 me
724 2931 905 2995 certiorem
927 2930 1043 2996 faciat.
1088 2928 1290 2995 Incredibili
1305 2928 1397 2992 enim

169 3018 308 3083 illorum
331 3021 501 3087 desiderio
518 3029 640 3085 teneor
656 3020 706 3084 uti
722 3027 757 3083 61
770 3020 987 3084 turcicorum.
1006 3019 1145 3105 Optime
1160 3019 1252 3082 enim
1265 3017 1397 3102 fecerit,

169 3108 226 3192 qui
254 3108 373 3174 ambas
397 3109 534 3195 linguas
559 3109 786 3193 coniunxerit,
810 3109 839 3173 si
861 3109 956 3194 prius
984 3109 1142 3174 arabicae
1174 3107 1398 3172 fundamenta

168 3196 318 3261 iecerit«

275 3285 442 3352 Weshalb
467 3285 726 3351 Rettenbaoher
749 3286 843 3350 diese
867 3285 992 3350 beiden
1016 3285 1196 3371 Spraohen
1210 3308 1253 3350 zu
1267 3283 1398 3348 seinem

169 3372 384 3440 besonderen
416 3377 574 3441 Studium
610 3374 757 3457 machte,
796 3374 920 3439 erhellt
954 3397 1014 3439 aus
1046 3374 1235 3460 folgenden
1258 3372 1395 3437 Zeilen:

175 3462 319 3527 »Omnia
364 3464 515 3530 Orientis
550 3464 744 3549 penetralia
781 3470 816 3528 et
852 3463 995 3529 intimos
1033 3485 1189 3528 recessus
1237 3467 1398 3526 excutere

172 3560 223 3614 661
247 3552 390 3634 animus,
415 3554 445 3617 si
472 3555 581 3618 vitam
613 3556 696 3617 deris
728 3553 834 3619 dabit.
879 3552 958 3617 Erit
986 3552 1144 3634 fortasse,
1174 3558 1214 3615 ut
1241 3549 1397 3637 pluribus

168 3641 303 3705 occulta
325 3643 499 3727 proferam
514 3665 578 3707 nec
595 3642 762 3706 haetenus
778 3643 853 3706 visa
867 3649 1004 3707 nostrae
1020 3642 1223 3727 praesertim
1237 3638 1396 3703 viciniae.

167 3729 240 3793 Nec
264 3752 284 3793 a
307 3752 384 3796 meo
409 3731 524 3797 studio
549 3732 640 3795 istud
665 3731 799 3797 abludit
821 3731 984 3796 historico
1008 3731 1157 3795 maxime
1191 3734 1227 3793 61
1259 3727 1395 3792 theolo-

167 3818 342 3971 gicofigbi
366 3820 487 3884 alienis
511 3820 620 3885 oeulis
643 3841 714 3885 non
750 3820 899 3885 libenter
923 3820 1026 3885 credo
1049 3841 1164 3905 neque
1198 3816 1396 3903 interpreti·

194 3929 232 3971 us
306 3930 355 3973 o.‹

274 3996 342 4060 Ein
373 3995 549 4062 Frenden-
580 3998 650 4061 und
675 3996 853 4082 Ehrentag
886 3997 941 4062 fiir
963 4018 1089 4060 unsern
1122 3998 1161 4062 P.
1186 3994 1305 4060 Simon
1328 4015 1399 4058 war

168 4083 229 4147 der
254 4092 304 4150 13.
330 4083 533 4171 September
557 4087 616 4149 des
639 4085 763 4151 Jahres
797 4093 892 4168 1680,
927 4108 970 4150 an
994 4084 1161 4149 welchem
1183 4084 1264 4148 ihre
1287 4081 1398 4167 Maje·

168 4180 280 4237 st'aten
314 4174 439 4239 Kaisar
470 4174 628 4260 Leopold
652 4177 677 4239 I.
711 4174 781 4238 und
806 4176 899 4240 661116
924 4173 1108 4240 Gemahlin
1137 4173 1311 4238 Eleonore
1336 4171 1397 4236 das

169 4260 254 4326 Stift
275 4263 341 4327 mit
363 4262 471 4328 ihrem
485 4264 643 4328 Besuche
657 4265 833 4329 beehrten.
856 4264 929 4328 Aus
944 4264 1070 4329 Anlass
1087 4263 1198 4326 dieses
1214 4259 1397 4345 fraudigen

168 4350 384 4437 Ereignisses
408 4354 525 4417 wurde
556 4354 616 4417 das
641 4375 710 4418 von
732 4354 803 4418 ihm
837 4353 1109 4438 ausgearbeitete
1137 4351 1267 4415 Drama
1294 4348 1397 4412 »Pru-

167 4441 286 4505 dentia
308 4442 432 4506 victrix
457 4465 517 4506 seu
532 4442 652 4507 Ulixes
676 4450 755 4528 post
776 4442 901 4528 longos
919 4463 1050 4507 errores
1073 4441 1110 4504 in
1125 4439 1273 4524 patriam
1288 4437 1397 4502 redux

170 4530 284 4613 procis
298 4529 515 4617 interemptis
532 4531 641 4596 amori
653 4531 846 4618 Penelopes
859 4532 1032 4597 redditus«
1050 4527 1259 4615 ausgefiihrt.
1274 4525 1397 4591 Dieses
