3164 5154
732 214 951 273 caumuUn

338 412 420 490 Ast
447 415 561 512 alget
586 413 774 514 probitas
803 420 846 491 et
873 412 1065 514 Cypridis
1092 413 1235 491 celent

338 521 477 596 Nostri
506 520 604 596 anni
631 519 801 596 facibus.
830 520 868 595 N
871 545 925 596 on
953 520 1100 597 eadem
1124 518 1209 597 fuit

391 628 559 704 Priscae
585 627 756 703 flamma
781 627 999 704 iuventae?

444 734 624 809 Tantum
653 734 819 809 saecula
845 733 1016 833 respice.

770 1347 868 1415 XIV.

284 1564 522 1644 AUGUSTI
551 1559 815 1641 CAESARIS
842 1560 1112 1640 LEOPOLDI
1139 1561 1353 1641 VIRTUS.

338 1758 473 1859 Saepe
500 1758 686 1849 virtutes,
715 1756 939 1856 Leopolde‚
968 1762 1058 1832 tcto
1312 1773 1362 1826 fol.
1379 1773 1429 1828 aa·

340 1866 448 1942 Orbe
477 1864 647 1940 diffusas
677 1864 886 1940 celebrare
913 1862 1044 1939 suasit

338 1972 508 2048 Mitibus
536 1971 707 2073 plectris
736 1970 925 2047 animosa
954 1968 1064 2046 Clio:

445 2078 628 2154 Territus
656 2077 784 2170 haesi,

338 2237 400 2312 Ne
427 2237 509 2312 tuis
536 2239 657 2312 rebus
686 2260 878 2312 canerem
906 2235 1078 2327 minora,

339 2342 456 2444 (Quis
484 2345 586 2419 tuba
612 2343 745 2443 possit
771 2343 928 2419 lituove
955 2341 1109 2442 vates?)

337 2450 375 2524 N
377 2474 399 2523 e
427 2450 516 2547 lyra
542 2451 714 2525 heroum
743 2454 935 2526 tenuaret
962 2474 1083 2524 ausus

442 2555 608 2632 Viribus
637 2555 780 2656 impar.

336 2714 474 2814 Turpe
503 2717 576 2790 sed
605 2716 729 2792 credo
757 2714 933 2791 nimium
963 2714 1092 2806 silere,

335 2822 466 2897 Fama
483 2846 578 2896 cum
598 2829 768 2921 spargat
786 2821 942 2897 totiens
957 2821 1189 2921 triumphos

337 2927 537 3020 Caesaris,
569 2928 646 3003 diri
675 2927 842 3004 iaceant
869 2927 1054 3004 cruentis

441 3034 638 3110 Bistones
667 3035 785 3111 arvis.

334 3193 409 3268 Est
435 3193 515 3269 tibi
543 3192 658 3294 pacis
687 3193 869 3268 studium
890 3216 1084 3293 perenne,
1153 3265 1155 3268 Α

334 3298 467 3374 Arma
494 3325 579 3375 non
607 3299 734 3375 sumis
761 3298 841 3374 nisi
869 3306 1129 3399 provocatus,

334 3405 533 3481 Pertinax
561 3406 691 3481 hostis
717 3404 828 3482 furor
855 3430 989 3505 aequa
1018 3406 1172 3482 dudum

441 3513 543 3589 Tela
588 3512 753 3590 acessit.

334 3672 393 3747 Te
420 3671 556 3748 minus
583 3673 758 3749 Bellona
785 3672 913 3765 iuvat,
941 3670 1101 3772 pericla

335 3777 478 3853 Cernis
508 3784 550 3853 et
578 3779 715 3856 clades
743 3777 887 3879 populi
914 3778 1167 3878 frequentes:

333 3884 484 3984 Imperi
511 3886 626 3984 leges
656 3885 777 3960 decet
803 3910 854 3961 ac
881 3889 1046 3960 vetusta

440 3990 537 4067 Iura
563 3990 682 4068 tueri.

333 4148 519 4224 Perfidos
547 4148 645 4224 hinc
673 4149 931 4250 persequeris
960 4147 1096 4225 duello

332 4256 387 4330 Et
411 4253 525 4331 favet
553 4256 723 4332 caelurn
776 4255 920 4332 Veluti
948 4257 1133 4356 procella

333 4360 493 4438 Stemis
522 4362 713 4455 audaces,
743 4361 915 4438 inimica
941 4362 1069 4438 vertis

439 4467 625 4568 Agmina
651 4468 840 4545 flammis.
