3164 5154
626 242 700 311 nra.
719 243 740 296 1.
760 242 877 298 20-22.

268 441 452 540 Impellit
478 441 691 541 Zephyrus
719 441 812 514 vela
840 439 1044 515 tumentia

267 549 320 623 Et
347 547 492 647 pinum
519 547 666 622 validis
695 546 886 621 dentibus
915 570 1069 621 ancora

319 654 480 729 Firmat
506 654 645 730 litore:
672 653 828 752 gaudet

380 759 513 836 Salvis
541 760 683 836 navita
711 759 926 835 mercibus,

267 936 452 1012 Devictis
481 937 569 1012 acie
598 936 759 1012 fortiter
786 937 974 1012 hostibus

267 1043 427 1118 Ductor
453 1043 654 1120 militibus
682 1044 868 1144 praemia
895 1043 1061 1138 dividit;

320 1150 492 1226 Praedis
522 1150 690 1250 agmina
717 1151 830 1226 laeta

374 1257 428 1332 Et
453 1257 550 1332 vino
580 1264 623 1333 et
651 1256 824 1357 dapibus
852 1263 1014 1332 vacant.

267 1436 481 1511 Exhausta
508 1435 720 1510 Bromium
748 1436 892 1510 laudat
919 1435 1123 1535 amystide

268 1544 349 1616 Per
376 1542 500 1617 silvas
529 1541 708 1618 volitans
734 1542 904 1617 Maenas
933 1549 975 1618 ct
1003 1543 1097 1618 avia

321 1649 404 1724 Per
431 1648 594 1724 deserta
621 1647 783 1748 fugacis

377 1755 534 1832 Cervae
562 1755 693 1831 instar
721 1755 915 1831 ccle1isve
944 1756 1052 1854 equi.
1141 1806 1151 1818 „

268 1933 369 2010 Visa
395 1933 503 2009 ridet
530 1959 674 2010 amans
701 1933 860 2032 virgine
888 1932 1030 2023 nubili,

268 2040 351 2117 Vix
378 2038 515 2116 frenat
543 2040 682 2140 cupidi
701 2040 881 2140 pectoris
901 2041 1122 2142 impetum:

321 2146 450 2222 Ducit
477 2154 598 2246 grata
625 2154 820 2223 venustas

373 2254 428 2329 Et
454 2251 600 2330 frontis
628 2253 805 2328 nitidum
833 2253 961 2330 iubar.

268 2429 360 2505 Nox
388 2434 562 2507 obscura
589 2430 664 2506 tibi
693 2431 926 2508 maestitiae
954 2432 1104 2531 placet,

268 2536 386 2612 Haec
403 2538 535 2614 menti
553 2538 728 2614 tetricae
747 2538 901 2639 pabula
919 2537 1121 2636 suggerit:

323 2643 445 2742 Sugis
473 2644 591 2719 triste
618 2669 836 2735 venenum,

377 2750 421 2826 Si
449 2751 515 2826 cui
543 2751 629 2826 vita
656 2751 827 2827 beatior.

269 2925 328 3002 At
356 2953 450 3003 cum
479 2928 631 3004 damna
649 2928 776 3019 vides,
805 2927 972 3004 horrida
989 2927 1124 3026 iurgia

268 3034 321 3109 Et
336 3034 497 3128 caedes,
519 3034 702 3111 animum
721 3035 874 3133 gaudia
893 3035 1120 3111 concitant:

323 3140 392 3216 Sic
420 3141 566 3242 poenis
594 3142 740 3216 alienis

376 3248 430 3322 Et
457 3248 559 3323 dura
586 3273 707 3323 cruce
735 3247 927 3348 pasceris.

681 3811 803 3876 XXII.

171 3992 246 4070 ΑΙ)
275 3992 573 4071 MINUTIUM:
602 3990 979 4069 INNOCENTIAE
1007 3988 1324 4068 SECURITAS.

271 4186 459 4264 Carceris
496 4187 666 4263 maestis
703 4186 897 4276 tenebris,
938 4185 1097 4277 Minuti‚
1244 4197 1368 4253 fol-10¹·

272 4293 502 4387 Clauderis3
540 4319 619 4370 nec
647 4293 733 4368 vita
760 4318 916 4369 nocens
943 4317 1020 4368 nec
1048 4293 1177 4367 ullum

271 4399 424 4500 Arguit
452 4401 625 4476 crimen:
665 4401 742 4476 luit
780 4399 965 4476 erudit-ae

372 4508 524 4584 Mentis
562 4532 749 4583 acumen.
