3164 5154
607 226 689 281 ἰ’-9.

113 425 281 501 Etenim
311 423 401 523 quis
430 423 534 500 alius
564 424 688 499 ducat
715 429 789 499 aut
814 423 951 523 rapiat
976 423 1086 499 nitor

224 530 359 621 Quam
386 531 458 605 lux
486 554 630 606 serena
657 529 864 605 numinis?

112 639 250 714 Exosa
276 637 417 714 multis
446 637 501 713 sis
529 637 638 729 licet,
668 639 720 713 ab
750 637 831 714 aris
858 637 1002 738 procul

78 740 83 747 ’
220 743 402 820 Profana
429 747 551 820 turba
579 750 781 843 segreget,
1249 794 1276 833 ,0

113 851 151 926 N
153 876 200 926 ec
219 854 315 927 urbs
338 877 417 927 nec
436 876 536 928 arva
553 877 632 927 neo
659 851 755 925 aula
772 856 992 926 veneretur
1018 875 1180 951 procax,

220 959 424 1034 Excludat
452 957 564 1033 omni
591 982 772 1049 munere,

113 1064 363 1164 Plerumque
390 1064 531 1141 faveat
557 1065 736 1165 perfidis,
766 1063 896 1138 iustos
924 1070 1096 1163 premat,

218 1172 430 1248 Promissa
457 1178 592 1247 servet
618 1171 790 1246 nomini:
1249 1219 1275 1261 2,

113 1277 206 1353 Non
234 1285 277 1354 te
305 1279 548 1377 relinquam,
576 1277 763 1355 veritatis
791 1302 869 1353 nec
896 1276 1045 1376 pedem

219 1386 347 1461 Extra
374 1387 549 1460 movebo
579 1386 787 1476 semitam3

113 1491 178 1569 Sis
205 1517 299 1568 rara
327 1492 526 1593 quamvis,
556 1498 657 1568 nota
683 1518 762 1568 nec
791 1490 910 1567 terris
938 1488 1074 1580 Fides,

218 1599 313 1674 Meo
341 1601 489 1675 tuebor
516 1604 693 1698 pectore.
1250 1645 1277 1686 e

113 1703 309 1781 Secessus
337 1707 436 1781 hinc
463 1731 530 1782 me
556 1705 736 1781 nemoris
767 1702 929 1779 obscuri
956 1702 1097 1794 trahit,

218 1813 272 1887 Et
299 1822 419 1912 grata
445 1812 639 1888 silvarum
668 1812 793 1912 quies.

616 2465 682 2529 IX.

350 2680 637 2758 NOBlLlTAS
666 2678 949 2758 IGNOBILIS.
1016 2695 1026 2712 ·

112 2893 297 2994 Superbe
325 2893 493 2984 Fronto,
525 2893 660 2967 odisse
689 2919 755 2968 me
784 2892 955 2992 stirpem
982 2898 1098 2969 tuam
1139 2905 1191 2960 fol.
1209 2907 1263 2963 54³·

220 2999 493 3076 Calumniaris
522 2999 720 3099 improbe.

111 3108 274 3183 Illustro
303 3133 394 3182 sum
423 3113 634 3181 aversatus
662 3107 774 3180 haud
802 3130 997 3205 umquam
1025 3130 1156 3204 genus

218 3214 297 3291 Vel
325 3238 478 3312 magna
504 3219 668 3312 patrum
696 3212 877 3304 nomina,

110 3322 277 3397 Virtute
305 3320 375 3419 qui
401 3345 499 3395 vera
526 3320 753 3394 intulerrmt
780 3320 860 3394 hoc
885 3319 967 3394 suis

218 3426 444 3502 Penatibus
471 3426 592 3527 primi
621 3427 754 3500 decus

113 3532 254 3609 Solum
281 3539 482 3633 nepotum
510 3533 627 3609 triste
657 3533 852 3608 damnavi
880 3530 1007 3622 nefas,

220 3638 450 3740 Opprobria
478 3646 603 3739 atque
631 3639 812 3730 inimias,

111 3744 291 3822 Astraea
320 3747 410 3845 quis
438 3746 572 3821 invisa
598 3772 676 3821 nec
704 3747 861 3845 placuit
889 3745 1069 3838 Themis,

220 3852 471 3953 Contempta
499 3853 587 3928 iura
615 3853 790 3954 patriae:

112 3958 380 4059 Quocumque
408 3967 592 4059 possunt,
615 3954 816 4057 colligunt
832 3983 1024 4034 nummos
1043 3959 1180 4050 mod0,

219 4065 456 4166 Opibusque
485 4067 595 4142 cives
624 4073 791 4141 exuunt.

110 4172 291 4270 Migrare
318 4174 447 4248 veteri
477 4173 638 4271 cogitur
666 4198 793 4249 senex
822 4173 944 4248 domo

220 4279 322 4355 Cum
351 4280 490 4355 liberis
521 4287 563 4355 et
591 4280 777 4379 coniuge.

110 4385 275 4462 Iustitia
301 4412 379 4461 nec
407 4387 629 4462 clementia
657 4385 875 4462 inveniunt
901 4386 1037 4460 locum

218 4494 267 4568 In
296 4494 417 4569 corde
446 4493 547 4569 recti
574 4494 725 4586 nesci0,
