<?xml version="1.0" encoding="UTF-8"?>
<!DOCTYPE html PUBLIC "-//W3C//DTD XHTML 1.0 Transitional//EN"
    "http://www.w3.org/TR/xhtml1/DTD/xhtml1-transitional.dtd">
<html xmlns="http://www.w3.org/1999/xhtml" xml:lang="en" lang="en">
 <head>
  <title>
</title>
<meta http-equiv="Content-Type" content="text/html;charset=utf-8" />
  <meta name='ocr-system' content='tesseract 3.04.00' />
  <meta name='ocr-capabilities' content='ocr_page ocr_carea ocr_par ocr_line ocrx_word'/>
</head>
<body>
  <div class='ocr_page' id='page_1' title='image "./psimonrettenbac00lehngoog/psimonrettenbac00lehngoog_0087.png"; bbox 0 0 3164 5154; ppageno 0'>
   <div class='ocr_carea' id='block_1_1' title="bbox 705 210 920 268">
    <p class='ocr_par' dir='ltr' id='par_1_1' title="bbox 705 210 920 268">
     <span class='ocr_line' id='line_1_1' title="bbox 705 210 920 268; baseline -0.005 -2"><span class='ocrx_word' id='word_1_1' title='bbox 705 210 920 268; x_wconf 84' lang='lat' dir='ltr'><strong>CARMINUM</strong></span> 
     </span>
    </p>
   </div>
   <div class='ocr_carea' id='block_1_2' title="bbox 270 408 1283 2744">
    <p class='ocr_par' dir='ltr' id='par_1_2' title="bbox 271 408 863 501">
     <span class='ocr_line' id='line_1_2' title="bbox 271 408 863 501; baseline -0.005 -16"><span class='ocrx_word' id='word_1_2' title='bbox 271 411 360 485; x_wconf 85' lang='lat' dir='ltr'>Ah!</span> <span class='ocrx_word' id='word_1_3' title='bbox 393 408 496 483; x_wconf 88' lang='lat' dir='ltr'>caeli</span> <span class='ocrx_word' id='word_1_4' title='bbox 526 408 681 482; x_wconf 87' lang='lat' dir='ltr'>extima</span> <span class='ocrx_word' id='word_1_5' title='bbox 710 409 863 501; x_wconf 81' lang='lat' dir='ltr'>desere,</span> 
     </span>
    </p>

    <p class='ocr_par' dir='ltr' id='par_1_3' title="bbox 270 515 1181 720">
     <span class='ocr_line' id='line_1_3' title="bbox 378 515 1181 614; baseline 0.004 -25"><span class='ocrx_word' id='word_1_6' title='bbox 378 518 422 589; x_wconf 90' lang='lat' dir='ltr'>ln</span> <span class='ocrx_word' id='word_1_7' title='bbox 448 523 558 590; x_wconf 86' lang='lat' dir='ltr'>terra</span> <span class='ocrx_word' id='word_1_8' title='bbox 586 515 723 613; x_wconf 89' lang='lat' dir='ltr'>potius</span> <span class='ocrx_word' id='word_1_9' title='bbox 753 540 902 614; x_wconf 86' lang='lat' dir='ltr'>quaere</span> <span class='ocrx_word' id='word_1_10' title='bbox 930 515 1181 614; x_wconf 80' lang='lat' dir='ltr'>Hyperiona.</span> 
     </span>
     <span class='ocr_line' id='line_1_4' title="bbox 270 622 798 720; baseline -0.004 -22"><span class='ocrx_word' id='word_1_11' title='bbox 270 626 334 698; x_wconf 84' lang='lat' dir='ltr'>En</span> <span class='ocrx_word' id='word_1_12' title='bbox 362 622 485 698; x_wconf 86' lang='lat' dir='ltr'>faeno</span> <span class='ocrx_word' id='word_1_13' title='bbox 515 622 657 720; x_wconf 90' lang='lat' dir='ltr'>tepido</span> <span class='ocrx_word' id='word_1_14' title='bbox 688 622 798 697; x_wconf 89' lang='lat' dir='ltr'>iacet</span> 
     </span>
    </p>

    <p class='ocr_par' dir='ltr' id='par_1_4' title="bbox 272 728 1255 933">
     <span class='ocr_line' id='line_1_5' title="bbox 377 728 1255 806; baseline 0.003 -4"><span class='ocrx_word' id='word_1_15' title='bbox 377 731 431 804; x_wconf 84' lang='lat' dir='ltr'>Et</span> <span class='ocrx_word' id='word_1_16' title='bbox 458 735 595 803; x_wconf 86' lang='lat' dir='ltr'>mutat</span> <span class='ocrx_word' id='word_1_17' title='bbox 623 728 783 803; x_wconf 89' lang='lat' dir='ltr'>stabulo</span> <span class='ocrx_word' id='word_1_18' title='bbox 812 735 934 803; x_wconf 88' lang='lat' dir='ltr'>natus</span> <span class='ocrx_word' id='word_1_19' title='bbox 963 730 1093 803; x_wconf 87' lang='lat' dir='ltr'>Amor</span> <span class='ocrx_word' id='word_1_20' title='bbox 1120 731 1255 806; x_wconf 86' lang='lat' dir='ltr'>sinum</span> 
     </span>
     <span class='ocr_line' id='line_1_6' title="bbox 272 834 844 933; baseline -0.007 -21"><span class='ocrx_word' id='word_1_21' title='bbox 272 836 430 912; x_wconf 88' lang='lat' dir='ltr'><strong>Summi</strong></span> <span class='ocrx_word' id='word_1_22' title='bbox 457 835 593 910; x_wconf 88' lang='lat' dir='ltr'>Patris</span> <span class='ocrx_word' id='word_1_23' title='bbox 622 834 844 933; x_wconf 86' lang='lat' dir='ltr'>inhospit0,</span> 
     </span>
    </p>

    <p class='ocr_par' dir='ltr' id='par_1_5' title="bbox 270 941 1205 1146">
     <span class='ocr_line' id='line_1_7' title="bbox 377 941 1205 1039; baseline 0 -23"><span class='ocrx_word' id='word_1_24' title='bbox 377 942 574 1016; x_wconf 73' lang='lat' dir='ltr'>Mortales</span> <span class='ocrx_word' id='word_1_25' title='bbox 603 941 798 1039; x_wconf 90' lang='lat' dir='ltr'>gravibus</span> <span class='ocrx_word' id='word_1_26' title='bbox 828 941 977 1015; x_wconf 89' lang='lat' dir='ltr'>liberet</span> <span class='ocrx_word' id='word_1_27' title='bbox 1004 950 1050 1017; x_wconf 91' lang='lat' dir='ltr'>ut</span> <span class='ocrx_word' id='word_1_28' title='bbox 1077 943 1205 1018; x_wconf 87' lang='lat' dir='ltr'>malis.</span> 
     </span>
     <span class='ocr_line' id='line_1_8' title="bbox 270 1048 914 1146; baseline -0.006 -21"><span class='ocrx_word' id='word_1_29' title='bbox 270 1051 364 1125; x_wconf 91' lang='lat' dir='ltr'>Huc</span> <span class='ocrx_word' id='word_1_30' title='bbox 394 1048 556 1140; x_wconf 88' lang='lat' dir='ltr'>accede,</span> <span class='ocrx_word' id='word_1_31' title='bbox 586 1072 752 1146; x_wconf 88' lang='lat' dir='ltr'>precor:</span> <span class='ocrx_word' id='word_1_32' title='bbox 783 1048 914 1122; x_wconf 91' lang='lat' dir='ltr'>solum</span> 
     </span>
    </p>

    <p class='ocr_par' dir='ltr' id='par_1_6' title="bbox 272 1153 1073 1337">
     <span class='ocr_line' id='line_1_9' title="bbox 377 1153 1073 1253; baseline 0.001 -24"><span class='ocrx_word' id='word_1_33' title='bbox 377 1153 547 1229; x_wconf 89' lang='lat' dir='ltr'>Praefer</span> <span class='ocrx_word' id='word_1_34' title='bbox 575 1153 760 1228; x_wconf 76' lang='lat' dir='ltr'>stelliferi</span> <span class='ocrx_word' id='word_1_35' title='bbox 790 1153 948 1228; x_wconf 88' lang='lat' dir='ltr'>deliciis</span> <span class='ocrx_word' id='word_1_36' title='bbox 977 1154 1073 1253; x_wconf 87' lang='lat' dir='ltr'>poli.</span> 
     </span>
     <span class='ocr_line' id='line_1_10' title="bbox 272 1260 953 1337; baseline -0.001 -1"><span class='ocrx_word' id='word_1_37' title='bbox 272 1262 479 1337; x_wconf 84' lang='lat' dir='ltr'>Sublimes</span> <span class='ocrx_word' id='word_1_38' title='bbox 507 1261 670 1335; x_wconf 87' lang='lat' dir='ltr'>animae</span> <span class='ocrx_word' id='word_1_39' title='bbox 699 1260 767 1334; x_wconf 90' lang='lat' dir='ltr'>hic</span> <span class='ocrx_word' id='word_1_40' title='bbox 797 1267 953 1336; x_wconf 90' lang='lat' dir='ltr'>canunt</span> 
     </span>
    </p>

    <p class='ocr_par' dir='ltr' id='par_1_7' title="bbox 270 1366 1176 1571">
     <span class='ocr_line' id='line_1_11' title="bbox 377 1366 1176 1468; baseline 0.004 -26"><span class='ocrx_word' id='word_1_41' title='bbox 377 1369 431 1442; x_wconf 81' lang='lat' dir='ltr'>Et</span> <span class='ocrx_word' id='word_1_42' title='bbox 458 1367 568 1442; x_wconf 90' lang='lat' dir='ltr'>dulci</span> <span class='ocrx_word' id='word_1_43' title='bbox 596 1366 769 1443; x_wconf 85' lang='lat' dir='ltr'>aetherii</span> <span class='ocrx_word' id='word_1_44' title='bbox 799 1368 981 1442; x_wconf 79' lang='lat' dir='ltr'>carmine</span> <span class='ocrx_word' id='word_1_45' title='bbox 1011 1367 1176 1468; x_wconf 90' lang='lat' dir='ltr'>spiritus</span> 
     </span>
     <span class='ocr_line' id='line_1_12' title="bbox 270 1472 800 1571; baseline -0.004 -22"><span class='ocrx_word' id='word_1_46' title='bbox 270 1475 462 1549; x_wconf 85' lang='lat' dir='ltr'>Humano</span> <span class='ocrx_word' id='word_1_47' title='bbox 492 1474 635 1571; x_wconf 87' lang='lat' dir='ltr'>generi</span> <span class='ocrx_word' id='word_1_48' title='bbox 662 1472 800 1549; x_wconf 89' lang='lat' dir='ltr'>ferunt</span> 
     </span>
    </p>

    <p class='ocr_par' dir='ltr' id='par_1_8' title="bbox 271 1580 1213 1762">
     <span class='ocr_line' id='line_1_13' title="bbox 376 1580 1213 1681; baseline 0 -26"><span class='ocrx_word' id='word_1_49' title='bbox 376 1582 532 1655; x_wconf 84' lang='lat' dir='ltr'>Pacem</span> <span class='ocrx_word' id='word_1_50' title='bbox 561 1587 804 1678; x_wconf 88' lang='lat' dir='ltr'>perpetuam</span> <span class='ocrx_word' id='word_1_51' title='bbox 832 1580 1023 1681; x_wconf 85' lang='lat' dir='ltr'>laetaque</span> <span class='ocrx_word' id='word_1_52' title='bbox 1050 1583 1213 1681; x_wconf 86' lang='lat' dir='ltr'>gaudia.</span> 
     </span>
     <span class='ocr_line' id='line_1_14' title="bbox 271 1685 830 1762; baseline -0.004 -1"><span class='ocrx_word' id='word_1_53' title='bbox 271 1689 480 1762; x_wconf 89' lang='lat' dir='ltr'>Immenso</span> <span class='ocrx_word' id='word_1_54' title='bbox 512 1687 635 1761; x_wconf 90' lang='lat' dir='ltr'>decus</span> <span class='ocrx_word' id='word_1_55' title='bbox 665 1685 830 1760; x_wconf 77' lang='lat' dir='ltr'>additur</span> 
     </span>
    </p>

    <p class='ocr_par' dir='ltr' id='par_1_9' title="bbox 271 1792 1176 1976">
     <span class='ocr_line' id='line_1_15' title="bbox 378 1792 1176 1892; baseline 0.004 -24"><span class='ocrx_word' id='word_1_56' title='bbox 378 1796 433 1868; x_wconf 84' lang='lat' dir='ltr'>Et</span> <span class='ocrx_word' id='word_1_57' title='bbox 462 1793 612 1868; x_wconf 84' lang='lat' dir='ltr'>crescit</span> <span class='ocrx_word' id='word_1_58' title='bbox 639 1792 794 1892; x_wconf 88' lang='lat' dir='ltr'>placidi</span> <span class='ocrx_word' id='word_1_59' title='bbox 823 1793 955 1890; x_wconf 89' lang='lat' dir='ltr'>gloria</span> <span class='ocrx_word' id='word_1_60' title='bbox 984 1795 1176 1871; x_wconf 86' lang='lat' dir='ltr'>numinis.</span> 
     </span>
     <span class='ocr_line' id='line_1_16' title="bbox 271 1899 890 1976; baseline -0.005 0"><span class='ocrx_word' id='word_1_61' title='bbox 271 1901 403 1976; x_wconf 84' lang='lat' dir='ltr'>Stella</span> <span class='ocrx_word' id='word_1_62' title='bbox 431 1900 542 1974; x_wconf 89' lang='lat' dir='ltr'>haud</span> <span class='ocrx_word' id='word_1_63' title='bbox 569 1901 709 1975; x_wconf 91' lang='lat' dir='ltr'>lucida</span> <span class='ocrx_word' id='word_1_64' title='bbox 737 1899 890 1974; x_wconf 87' lang='lat' dir='ltr'>deficit:</span> 
     </span>
    </p>

    <p class='ocr_par' dir='ltr' id='par_1_10' title="bbox 272 2005 1203 2212">
     <span class='ocr_line' id='line_1_17' title="bbox 377 2005 1203 2104; baseline 0.002 -23"><span class='ocrx_word' id='word_1_65' title='bbox 377 2005 609 2081; x_wconf 82' lang='lat' dir='ltr'>Advenisse</span> <span class='ocrx_word' id='word_1_66' title='bbox 639 2007 784 2080; x_wconf 88' lang='lat' dir='ltr'>ducem</span> <span class='ocrx_word' id='word_1_67' title='bbox 812 2007 1005 2104; x_wconf 88' lang='lat' dir='ltr'>gentibus</span> <span class='ocrx_word' id='word_1_68' title='bbox 1034 2007 1203 2098; x_wconf 81' lang='lat' dir='ltr'>indicat,</span> 
     </span>
     <span class='ocr_line' id='line_1_18' title="bbox 272 2113 873 2212; baseline -0.003 -24"><span class='ocrx_word' id='word_1_69' title='bbox 272 2115 424 2189; x_wconf 88' lang='lat' dir='ltr'>Omnes</span> <span class='ocrx_word' id='word_1_70' title='bbox 454 2113 523 2212; x_wconf 91' lang='lat' dir='ltr'>qui</span> <span class='ocrx_word' id='word_1_71' title='bbox 552 2114 725 2212; x_wconf 91' lang='lat' dir='ltr'>populos</span> <span class='ocrx_word' id='word_1_72' title='bbox 754 2119 873 2210; x_wconf 89' lang='lat' dir='ltr'>regat</span> 
     </span>
    </p>

    <p class='ocr_par' dir='ltr' id='par_1_11' title="bbox 271 2220 1283 2423">
     <span class='ocr_line' id='line_1_19' title="bbox 380 2220 1283 2320; baseline 0.002 -26"><span class='ocrx_word' id='word_1_73' title='bbox 380 2220 707 2318; x_wconf 85' lang='lat' dir='ltr'>Constanterqne</span> <span class='ocrx_word' id='word_1_74' title='bbox 736 2227 855 2316; x_wconf 86' lang='lat' dir='ltr'>gerat</span> <span class='ocrx_word' id='word_1_75' title='bbox 882 2226 1047 2319; x_wconf 87' lang='lat' dir='ltr'>sceptra</span> <span class='ocrx_word' id='word_1_76' title='bbox 1074 2221 1283 2320; x_wconf 86' lang='lat' dir='ltr'>perennia.</span> 
     </span>
     <span class='ocr_line' id='line_1_20' title="bbox 271 2325 873 2423; baseline 0 -24"><span class='ocrx_word' id='word_1_77' title='bbox 271 2327 379 2423; x_wconf 83' lang='lat' dir='ltr'>Ergo</span> <span class='ocrx_word' id='word_1_78' title='bbox 409 2326 489 2400; x_wconf 90' lang='lat' dir='ltr'>huc</span> <span class='ocrx_word' id='word_1_79' title='bbox 519 2326 677 2400; x_wconf 89' lang='lat' dir='ltr'>lumina</span> <span class='ocrx_word' id='word_1_80' title='bbox 703 2325 873 2416; x_wconf 89' lang='lat' dir='ltr'>flectito‚</span> 
     </span>
    </p>

    <p class='ocr_par' dir='ltr' id='par_1_12' title="bbox 271 2432 1215 2637">
     <span class='ocr_line' id='line_1_21' title="bbox 378 2432 1215 2522; baseline 0 -15"><span class='ocrx_word' id='word_1_81' title='bbox 378 2432 495 2507; x_wconf 92' lang='lat' dir='ltr'>Haec</span> <span class='ocrx_word' id='word_1_82' title='bbox 523 2439 663 2506; x_wconf 89' lang='lat' dir='ltr'>mente</span> <span class='ocrx_word' id='word_1_83' title='bbox 691 2433 857 2506; x_wconf 85' lang='lat' dir='ltr'>assidua</span> <span class='ocrx_word' id='word_1_84' title='bbox 885 2432 1020 2507; x_wconf 87' lang='lat' dir='ltr'>sidera</span> <span class='ocrx_word' id='word_1_85' title='bbox 1048 2433 1215 2522; x_wconf 84' lang='lat' dir='ltr'>volvito,</span> 
     </span>
     <span class='ocr_line' id='line_1_22' title="bbox 271 2538 868 2637; baseline 0.002 -25"><span class='ocrx_word' id='word_1_86' title='bbox 271 2538 416 2613; x_wconf 84' lang='lat' dir='ltr'>Veloci</span> <span class='ocrx_word' id='word_1_87' title='bbox 445 2540 525 2612; x_wconf 89' lang='lat' dir='ltr'>huc</span> <span class='ocrx_word' id='word_1_88' title='bbox 554 2539 658 2637; x_wconf 92' lang='lat' dir='ltr'>pede</span> <span class='ocrx_word' id='word_1_89' title='bbox 687 2539 868 2613; x_wconf 90' lang='lat' dir='ltr'>tendito:</span> 
     </span>
    </p>

    <p class='ocr_par' dir='ltr' id='par_1_13' title="bbox 377 2644 1266 2744">
     <span class='ocr_line' id='line_1_23' title="bbox 377 2644 1266 2744; baseline -0.002 -24"><span class='ocrx_word' id='word_1_90' title='bbox 377 2645 475 2736; x_wconf 89' lang='lat' dir='ltr'>Has,</span> <span class='ocrx_word' id='word_1_91' title='bbox 506 2652 571 2719; x_wconf 89' lang='lat' dir='ltr'>sat</span> <span class='ocrx_word' id='word_1_92' title='bbox 599 2645 663 2734; x_wconf 93' lang='lat' dir='ltr'>sit,</span> <span class='ocrx_word' id='word_1_93' title='bbox 693 2645 846 2719; x_wconf 89' lang='lat' dir='ltr'>nitidas</span> <span class='ocrx_word' id='word_1_94' title='bbox 875 2645 909 2719; x_wconf 89' lang='lat' dir='ltr'>si</span> <span class='ocrx_word' id='word_1_95' title='bbox 938 2644 1114 2744; x_wconf 90' lang='lat' dir='ltr'>aspicias</span> <span class='ocrx_word' id='word_1_96' title='bbox 1143 2644 1266 2720; x_wconf 86' lang='lat' dir='ltr'>faces.</span> 
     </span>
    </p>
   </div>
   <div class='ocr_carea' id='block_1_3' title="bbox 756 3154 854 3218">
    <p class='ocr_par' dir='ltr' id='par_1_14' title="bbox 756 3154 854 3218">
     <span class='ocr_line' id='line_1_24' title="bbox 756 3154 854 3218; baseline 0.01 -1"><span class='ocrx_word' id='word_1_97' title='bbox 756 3154 854 3218; x_wconf 75' lang='lat' dir='ltr'><strong>XIV.</strong></span> 
     </span>
    </p>
   </div>
   <div class='ocr_carea' id='block_1_4' title="bbox 343 3349 1264 3552">
    <p class='ocr_par' dir='ltr' id='par_1_15' title="bbox 343 3349 1264 3552">
     <span class='ocr_line' id='line_1_25' title="bbox 343 3349 1264 3430; baseline 0.004 -6"><span class='ocrx_word' id='word_1_98' title='bbox 343 3351 412 3425; x_wconf 87' lang='lat' dir='ltr'>AD</span> <span class='ocrx_word' id='word_1_99' title='bbox 442 3349 718 3427; x_wconf 80' lang='lat' dir='ltr'>PLnNCUM:</span> <span class='ocrx_word' id='word_1_100' title='bbox 747 3351 957 3427; x_wconf 85' lang='lat' dir='ltr'><strong>IRATAM</strong></span> <span class='ocrx_word' id='word_1_101' title='bbox 984 3352 1264 3430; x_wconf 89' lang='lat' dir='ltr'>MULIEREM</span> 
     </span>
     <span class='ocr_line' id='line_1_26' title="bbox 618 3475 997 3552; baseline -0.003 -2"><span class='ocrx_word' id='word_1_102' title='bbox 618 3475 997 3552; x_wconf 86' lang='lat' dir='ltr'>DESERENDAM.</span> 
     </span>
    </p>
   </div>
   <div class='ocr_carea' id='block_1_5' title="bbox 376 3669 1422 4089">
    <p class='ocr_par' dir='ltr' id='par_1_16' title="bbox 376 3669 1422 4089">
     <span class='ocr_line' id='line_1_27' title="bbox 376 3669 1422 3770; baseline 0 -27"><span class='ocrx_word' id='word_1_103' title='bbox 376 3671 531 3745; x_wconf 87' lang='lat' dir='ltr'>Iratam</span> <span class='ocrx_word' id='word_1_104' title='bbox 560 3694 649 3744; x_wconf 89' lang='lat' dir='ltr'>esse</span> <span class='ocrx_word' id='word_1_105' title='bbox 676 3669 754 3745; x_wconf 90' lang='lat' dir='ltr'>tibi</span> <span class='ocrx_word' id='word_1_106' title='bbox 783 3670 1061 3768; x_wconf 82' lang='lat' dir='ltr'>Tyndaridem</span> <span class='ocrx_word' id='word_1_107' title='bbox 1088 3671 1218 3770; x_wconf 86' lang='lat' dir='ltr'>gemis</span> <span class='ocrx_word' id='word_1_108' title='bbox 1319 3688 1369 3743; x_wconf 82' lang='lat' dir='ltr'>fol.</span> <span class='ocrx_word' id='word_1_109' title='bbox 1389 3693 1422 3743; x_wconf 58' lang='lat' dir='ltr'>or</span> 
     </span>
     <span class='ocr_line' id='line_1_28' title="bbox 376 3776 1241 3876; baseline 0.003 -26"><span class='ocrx_word' id='word_1_110' title='bbox 376 3778 663 3876; x_wconf 89' lang='lat' dir='ltr'>Deplorasquc</span> <span class='ocrx_word' id='word_1_111' title='bbox 691 3776 833 3875; x_wconf 89' lang='lat' dir='ltr'>fugam</span> <span class='ocrx_word' id='word_1_112' title='bbox 861 3776 1067 3853; x_wconf 88' lang='lat' dir='ltr'>flebilibus</span> <span class='ocrx_word' id='word_1_113' title='bbox 1095 3780 1241 3870; x_wconf 78' lang='lat' dir='ltr'>modia,</span> 
     </span>
     <span class='ocr_line' id='line_1_29' title="bbox 429 3884 1007 3981; baseline 0 -24"><span class='ocrx_word' id='word_1_114' title='bbox 429 3884 591 3958; x_wconf 89' lang='lat' dir='ltr'>Procne</span> <span class='ocrx_word' id='word_1_115' title='bbox 620 3890 668 3958; x_wconf 91' lang='lat' dir='ltr'>ut</span> <span class='ocrx_word' id='word_1_116' title='bbox 694 3884 859 3981; x_wconf 87' lang='lat' dir='ltr'>garrula</span> <span class='ocrx_word' id='word_1_117' title='bbox 887 3884 1007 3958; x_wconf 87' lang='lat' dir='ltr'>nidos</span> 
     </span>
     <span class='ocr_line' id='line_1_30' title="bbox 482 3989 1055 4089; baseline 0 -25"><span class='ocrx_word' id='word_1_118' title='bbox 482 3991 641 4089; x_wconf 89' lang='lat' dir='ltr'>Raptos</span> <span class='ocrx_word' id='word_1_119' title='bbox 672 3989 854 4065; x_wconf 89' lang='lat' dir='ltr'>carmine</span> <span class='ocrx_word' id='word_1_120' title='bbox 883 3991 1055 4087; x_wconf 83' lang='lat' dir='ltr'>lugubri.</span> 
     </span>
    </p>
   </div>
   <div class='ocr_carea' id='block_1_6' title="bbox 376 4147 1243 4565">
    <p class='ocr_par' dir='ltr' id='par_1_17' title="bbox 376 4147 1243 4565">
     <span class='ocr_line' id='line_1_31' title="bbox 378 4147 1243 4247; baseline 0.003 -23"><span class='ocrx_word' id='word_1_121' title='bbox 378 4149 469 4224; x_wconf 91' lang='lat' dir='ltr'>Urit</span> <span class='ocrx_word' id='word_1_122' title='bbox 497 4147 644 4224; x_wconf 89' lang='lat' dir='ltr'>frontis</span> <span class='ocrx_word' id='word_1_123' title='bbox 672 4150 806 4224; x_wconf 91' lang='lat' dir='ltr'>honos</span> <span class='ocrx_word' id='word_1_124' title='bbox 835 4174 884 4223; x_wconf 87' lang='lat' dir='ltr'>ac</span> <span class='ocrx_word' id='word_1_125' title='bbox 912 4150 1104 4247; x_wconf 88' lang='lat' dir='ltr'>geminae</span> <span class='ocrx_word' id='word_1_126' title='bbox 1132 4151 1243 4227; x_wconf 85' lang='lat' dir='ltr'>faces</span> 
     </span>
     <span class='ocr_line' id='line_1_32' title="bbox 376 4255 1185 4355; baseline 0 -23"><span class='ocrx_word' id='word_1_127' title='bbox 376 4255 597 4332; x_wconf 89' lang='lat' dir='ltr'>Vibrantes</span> <span class='ocrx_word' id='word_1_128' title='bbox 627 4256 792 4355; x_wconf 88' lang='lat' dir='ltr'>placido</span> <span class='ocrx_word' id='word_1_129' title='bbox 820 4256 988 4347; x_wconf 87' lang='lat' dir='ltr'>lumine,</span> <span class='ocrx_word' id='word_1_130' title='bbox 1014 4257 1185 4333; x_wconf 90' lang='lat' dir='ltr'>mitibus</span> 
     </span>
     <span class='ocr_line' id='line_1_33' title="bbox 431 4361 1000 4451; baseline -0.002 -15"><span class='ocrx_word' id='word_1_131' title='bbox 431 4361 545 4436; x_wconf 82' lang='lat' dir='ltr'>Caeli</span> <span class='ocrx_word' id='word_1_132' title='bbox 574 4369 621 4436; x_wconf 89' lang='lat' dir='ltr'>ut</span> <span class='ocrx_word' id='word_1_133' title='bbox 648 4362 784 4436; x_wconf 88' lang='lat' dir='ltr'>sidera</span> <span class='ocrx_word' id='word_1_134' title='bbox 811 4362 1000 4451; x_wconf 87' lang='lat' dir='ltr'>flammis,</span> 
     </span>
     <span class='ocr_line' id='line_1_34' title="bbox 482 4468 965 4565; baseline -0.002 -21"><span class='ocrx_word' id='word_1_135' title='bbox 482 4468 577 4544; x_wconf 91' lang='lat' dir='ltr'>Urit</span> <span class='ocrx_word' id='word_1_136' title='bbox 603 4476 722 4565; x_wconf 87' lang='lat' dir='ltr'>grata</span> <span class='ocrx_word' id='word_1_137' title='bbox 750 4469 965 4544; x_wconf 88' lang='lat' dir='ltr'>modestia.</span> 
     </span>
    </p>
   </div>
   <div class='ocr_carea' id='block_1_7' title="bbox 0 0 1586 5154">
    <p class='ocr_par' dir='ltr' id='par_1_18' title="bbox 0 0 1586 5154">
     <span class='ocr_line' id='line_1_35' title="bbox 0 0 1586 5154; baseline 0 0"><span class='ocrx_word' id='word_1_138' title='bbox 0 0 1586 5154; x_wconf 95' lang='lat' dir='ltr'> </span> 
     </span>
    </p>
   </div>
  </div>
 </body>
</html>
