3164 5154
485 260 559 314 LIB.
578 260 630 313 XI.
650 262 728 315 6-8.

176 458 357 556 Legibus
386 483 529 557 parere
559 459 686 532 sacris
715 458 893 532 iuvabit:

175 565 354 639 Muneris
384 590 551 639 censere
579 566 685 656 1000,
717 565 907 640 voluutas

175 671 285 745 Nota
314 673 347 745 01
378 673 541 768 quando
571 671 705 763 fuerit,
737 671 867 746 securi

283 777 465 852 Subdcre
496 779 612 853 colla.

174 938 327 1011 Pectus
358 962 381 1011 o
410 937 508 1012 felix
536 937 659 1011 nimis
688 963 736 1011 ac
765 940 946 1027 beatum,

177 1043 295 1132 Quod
325 1044 421 1142 iugo
451 1044 566 1118 suavi
596 1043 764 1118 Domini
794 1045 1009 1120 cohaeret!

176 1151 342 1224 Aemuli
372 1157 507 1225 castos
536 1151 746 1226 imitemur
773 1150 907 1248 ignes:

283 1257 429 1354 Frigus
459 1263 503 1331 at
531 1260 679 1332 obstat.

556 1838 650 1904 VIII.

182 2055 435 2132 TERRENA
464 2053 663 2131 STUDIA
694 2053 1028 2130 DESERENDA.

180 2271 245 2343 An
275 2269 416 2367 iugum
444 2267 599 2366 possim
628 2266 802 2340 tolerare
833 2267 990 2358 durum,
1083 2284 1131 2337 fol.
1153 2285 1226 2340 1781·

179 2377 306 2450 Terra
334 2374 443 2473 quod
471 2373 622 2447 nostris
650 2372 802 2447 umeris
831 2374 1012 2448 minatur

179 2484 241 2557 Ac
270 2483 337 2556 dei
364 2481 446 2578 legi
474 2479 647 2553 nimium
676 2479 844 2577 procaci

284 2589 399 2663 More
425 2587 612 2660 resistit?

179 2749 296 2822 Haec
325 2747 441 2821 iubet
470 2745 586 2819 divos
615 2745 753 2819 auimo
783 2745 924 2834 vereri,

181 2853 355 2944 Nemini,
386 2877 636 2951 quamquam
666 2851 816 2941 (1010οε,
848 2876 1006 2941 nocere,

178 2960 344 3035 Arbitro
374 2959 613 3058 permittere
643 2959 941 3049 0011010111010,

287 3067 434 3142 Vivere
463 3072 616 3140 sancte.

179 3228 256 3300 Illa
284 3227 355 3300 sed
384 3235 528 3301 contra
557 3224 692 3298 studio
723 3226 897 3322 superbo

180 3335 328 3408 Fertur
356 3339 480 3432 atque
511 3357 656 3405 aurum
685 3332 895 3405 cumulare
924 3332 1081 3422 suadet,

181 3439 453 3515 Commodum
484 3439 645 3537 quaerit
672 3437 896 3536 proprium,
926 3463 1137 3537 supremos

287 3547 433 3620 Ambit
460 3547 648 3619 honorea
1207 3597 1230 3636 o

179 3705 318 3780 Ditior
344 3730 498 3801 magna
525 3705 612 3779 fieri
640 3729 719 3777 nee
747 3705 886 3779 horret

178 3814 292 3886 Labe
321 3812 466 3886 vieini:
494 3812 604 3885 mala
633 3836 713 3909 quo
744 3811 891 3909 cupido

179 3919 308 3993 Ducit
337 3924 379 3992 et
405 3920 575 4008 lucrum,
606 3918 793 4016 sequitur
820 3917 977 3992 volanti

287 4024 462 4100 Concita
489 4050 643 4123 gressu.

182 4185 352 4262 Urbium
382 4185 532 4273 clades,
563 4183 704 4284 populi
732 4185 876 4258 ruinae

179 4292 282 4365 Inde
312 4297 578 4389 consurgunt,
608 4290 721 4364 furor
749 4299 792 4366 et
819 4289 990 4388 rapinae

179 4399 324 4473 Martis
354 4398 499 4486 insani,
530 4398 753 4471 metuenda
780 4422 924 4495 regum

285 4506 403 4580 Bella
429 4511 658 4604 potentum.
