3164 5154
710 222 918 287 svaRUM

272 422 486 500 Aerumna
514 423 656 522 surgit,
685 422 882 498 lacrimae
911 425 1078 499 crebrae
1108 424 1283 500 cadunt.

273 531 400 607 Cunis
426 531 585 630 reponi,
612 529 752 606 fasciis
781 530 927 629 stringi
956 529 1086 622 decet,

271 640 383 712 Dum
411 639 598 712 membra
625 638 774 728 firmet,
803 637 977 737 pedibus
1007 644 1050 713 et
1075 636 1158 713 niti
1187 645 1331 737 queat.
1421 711 1422 714 ,

273 745 414 836 Qualis
443 749 664 843 parentum
692 768 801 836 cura,
831 767 956 843 quam
984 744 1109 821 durus
1138 743 1275 838 labor,
1415 782 1424 818 s

272 854 418 928 Donec
448 851 672 940 adolescat,
702 858 864 926 crescat
889 850 942 924 in
961 849 1111 927 fortem
1138 851 1307 927 virum?

274 959 430 1051 Quibus
457 956 667 1056 magistris
696 963 760 1033 est
788 981 902 1057 opus,
931 982 1066 1033 mores
1094 961 1254 1059 probos

272 1066 331 1144 Ut
359 1064 524 1140 edoceri
552 1064 686 1164 possit
714 1070 756 1139 et
783 1065 950 1164 placeat
976 1061 1076 1156 for0‚
1128 1104 1129 1108 =

275 1171 429 1248 Sedeat
455 1176 613 1262 senatu,
644 1170 778 1246 discat
806 1177 951 1246 ornate
978 1170 1116 1270 loqui?

273 1279 454 1378 Effulget
480 1278 579 1353 hinc
608 1284 655 1353 ut
681 1277 812 1352 lilium
842 1283 914 1353 aut
940 1278 1075 1353 mollis
1104 1302 1211 1369 rosa,

274 1385 390 1477 Quae
418 1409 541 1460 mane
569 1384 768 1460 blandum
796 1384 905 1459 tollit
933 1385 987 1458 ad
1014 1384 1179 1460 caelum
1206 1393 1344 1487 caput.

273 1493 507 1568 Veneratur
535 1498 651 1567 aetas
681 1491 828 1579 omnis,
858 1491 1039 1589 assurgit
1065 1517 1181 1592 puer,

274 1602 464 1675 Matrona
490 1598 643 1689 laudat,
673 1598 833 1697 patriae
863 1599 1054 1673 columen
1081 1607 1212 1676 vocat

273 1704 425 1780 Fidens
454 1705 644 1780 iuventus
672 1707 820 1780 robore
849 1710 892 1779 01
918 1703 1069 1805 trepidi
1097 1730 1231 1782 senes.

273 1811 426 1887 Paucis
456 1818 500 1888 at
528 1811 646 1886 annis
676 1812 797 1887 durat
822 1811 1018 1887 immotus
1044 1811 1185 1911 vigor:

273 1918 408 1994 Morbi
435 1918 651 2009 lacessunt,
679 1917 871 1993 floridum
900 1923 1074 2018 carpunt
1102 1919 1241 2013 decus,

273 2023 488 2101 Mortifera
514 2025 644 2100 laedit
672 2049 772 2100 aura
799 2026 865 2100 vel
893 2023 1021 2124 frigus
1048 2034 1184 2118 necat

275 2133 415 2207 Acuta
441 2133 601 2206 tumulo
629 2132 754 2207 febris
783 2139 998 2207 aeternum
1024 2132 1149 2209 locat.

276 2239 358 2314 Sed
386 2238 468 2312 ista
495 2237 591 2312 ferri
620 2245 843 2337 utcumque
873 2238 961 2314 sine
988 2239 1150 2336 gemitu
1179 2246 1354 2340 queunt:

275 2345 534 2420 Necessitate
563 2345 751 2444 cogimur
778 2346 948 2422 tandem
976 2346 1090 2437 mori,

274 2449 401 2527 Abire
429 2452 561 2543 terris,
591 2452 760 2550 pulvere
789 2452 938 2549 exiguo
968 2451 1067 2549 tegi.

277 2558 378 2648 Quis
407 2561 562 2657 absque
590 2566 706 2635 motu
735 2565 906 2659 spectet,
936 2559 1174 2635 innumeros
1204 2560 1318 2652 meti,

266 2662 334 2742 'Ut
360 2663 467 2741 falce
496 2666 655 2755 aristas,
684 2666 829 2740 Martis
857 2665 1062 2741 indomita
1088 2669 1242 2742 manu?

275 2771 388 2863 Quos
415 2779 536 2847 tanta
563 2772 798 2848 sollicitudo
827 2772 1018 2871 provexit
1046 2772 1128 2863 diu,

275 2878 438 2954 Virtute
466 2885 513 2953 ut
541 2886 801 2976 augerentur,
833 2887 1069 2956 exsererent
1095 2878 1226 2970 iubar,
1402 2912 1421 2951 0

275 2986 510 3060 Ρ1001011111
536 2986 651 3077 hora,
681 2987 852 3061 bellicus
880 2986 1017 3086 perdit
1042 2985 1178 3061 furor?

276 3092 472 3166 Humana
500 3117 580 3191 quo
610 3118 712 3191 gens
740 3119 814 3193 per
841 3092 956 3168 nefas
984 3093 1160 3169 vetitum
1187 3091 1300 3167 ruis?

278 3197 491 3298 Suspende
520 3199 685 3299 templis
715 3225 840 3290 arma,
871 3225 924 3275 ne
953 3200 1142 3276 accelera
1167 3225 1330 3275 necem:

277 3305 408 3380 Nimis
437 3330 490 3379 an
517 3313 701 3382 moratur
728 3306 936 3397 Lachesis,
967 3313 1013 3383 ut
1040 3307 1156 3381 filum
1185 3309 1325 3383 secet?
1401 3338 1420 3375 a

730 3591 890 3598 -———-

740 3796 878 3860 XVIII.

299 3993 474 4070 BREVE
502 3992 794 4072 ENCOMIUM
822 3995 1035 4071 BEATAE
1062 3994 1319 4075 VIRGINIS.

276 4168 429 4244 Divina
456 4169 597 4267 Virga
626 4169 807 4244 numinis
837 4170 985 4245 summi
1012 4196 1173 4270 parens,
1287 4189 1336 4242 fol
1353 4187 1417 4243 115¹·

278 4275 378 4364 Quis
407 4276 555 4352 merita
582 4283 707 4368 vates,
736 4278 826 4375 quis
855 4284 920 4352 sat
949 4279 1122 4355 extollat
1149 4279 1294 4356 iubar?

278 4381 377 4471 Quis
406 4385 532 4458 verba
560 4383 688 4481 digna
714 4384 904 4459 laudibus
932 4395 1098 4485 promat
1125 4385 1232 4461 tuis?

276 4490 502 4564 Deficimus
533 4515 686 4583 omnes,
717 4491 896 4591 impares
924 4491 1068 4592 lingua
1097 4518 1245 4586 sumus,
1325 4509 1328 4513 ·
1410 4523 1421 4560 ι
