3164 5154
506 233 622 291 16-17.
641 231 760 291 mu.
779 233 888 290 SAEO.

209 432 321 524 Quos
348 432 592 510 innocentes
618 433 742 533 fingis
770 439 814 511 et
840 458 985 512 censes
1010 434 1132 535 nigra

208 537 248 615 A
275 539 369 615 labe
397 563 562 639 prorsus
588 539 727 617 vivere
754 540 958 618 immunes
987 540 1069 635 diu,

210 646 321 738 Quos
349 646 465 723 nulla
491 646 624 746 culpa,
652 648 847 724 consciae
873 648 1026 724 mentis
1052 648 1171 725 labor

208 751 386 852 adfligit
411 778 618 852 umquam,
649 753 719 854 qui
743 754 849 830 nihil
873 761 1043 855 patrant
1068 755 1167 833 meli
1288 793 1315 834 u

209 860 459 960 Nullumque
485 860 683 936 laedunt?
710 859 866 937 Similis
892 886 948 939 an
974 861 1106 939 niveis
1133 861 1221 939 avis

208 968 285 1043 Est
311 967 392 1044 ista
419 967 581 1043 eorvis?
609 967 752 1061 Nemo,
783 967 852 1070 qui
879 993 990 1045 noxa
1016 976 1149 1063 vacat,

209 1074 356 1150 Errore
383 1072 493 1150 tristi
519 1074 656 1149 nullus
684 1081 758 1151 aut
783 1101 915 1152 naevo
946 1083 1072 1153 earet.

211 1180 293 1257 Suo
322 1186 521 1258 nocentes
548 1206 663 1257 more
691 1182 869 1282 castigat
896 1182 1016 1259 deus:
1287 1221 1314 1261 ss

210 1287 268 1365 Ut
296 1295 433 1365 servet
459 1287 631 1380 animas,
661 1313 835 1389 corpora
862 1295 1027 1366 exercet
1051 1289 1168 1389 gravi

209 1395 356 1472 Morbo
386 1402 459 1472 aut
485 1393 623 1471 furore
651 1396 800 1473 bellico
829 1402 1020 1473 attenuat
1045 1396 1167 1488 fame,

210 1502 398 1602 Purgata
424 1526 542 1579 mens
570 1508 617 1579 ut
644 1502 825 1579 siderum
851 1503 1028 1603 aspiciat
1053 1502 1183 1580 iubar.

401 1962 630 2042 CARMEN
660 1962 990 2042 SAECULARE.

175 2105 385 2183 LAUDES
414 2106 637 2184 ORDlNlS
665 2105 867 2185 SANCTI
894 2105 1195 2185 BENEDlC'll.

213 2266 321 2343 Ordo
350 2292 435 2343 non
462 2266 553 2343 miti
581 2275 777 2367 generate
804 2275 937 2369 partu,
1180 2282 1230 2338 fol
1249 2284 1305 2341 58*-

214 2374 319 2450 Cum
347 2399 449 2473 puer
474 2373 620 2450 molles
647 2374 897 2452 Benedictus
925 2380 1037 2451 artus

213 2481 355 2558 Volvit
381 2481 424 2556 in
453 2481 581 2582 spinis
608 2482 773 2582 proprio
804 2483 973 2559 daturus

320 2587 531 2688 Sanguine
558 2587 678 2664 vires!

213 2749 400 2848 Purpura
426 2748 524 2824 hinc
552 2749 673 2824 fluxit
700 2748 823 2848 Tyrio
853 2751 1000 2824 rubore

213 2855 431 2931 Pulchrior
457 2855 594 2955 longe,
625 2881 740 2931 sacer
766 2855 864 2929 hinc
891 2855 1029 2947 tiaras,

213 2960 373 3037 Insulae
403 2964 580 3053 crebrae,
611 2962 798 3063 speciosa
826 2962 974 3037 summi

319 3069 495 3169 Templa
521 3069 715 3168 parentis.

214 3228 322 3304 Hinc
349 3228 468 3328 vigor
496 3228 696 3317 claustris,
725 3229 859 3329 pietas
888 3227 1065 3304 alumnis

215 3336 268 3410 Et
293 3335 551 3410 verecundae
579 3335 762 3434 probitas
791 3361 941 3428 eremo,

219 3441 413 3516 Emicant
439 3466 574 3518 mores
602 3441 723 3535 nivei,
750 3443 929 3518 modesti

320 3547 510 3625 Pectoris
538 3548 666 3648 ignes,

214 3708 431 3809 Principes
458 3708 601 3808 magni
629 3732 802 3807 posuere
830 3706 982 3783 fastum

215 3816 272 3891 Et
297 3823 389 3891 tuas
417 3816 539 3915 proni
567 3815 727 3890 subiere
755 3815 869 3914 leges

215 3921 312 3997 Filii
339 3947 495 4020 regum,
527 3922 689 3999 coluere
717 3921 844 3997 fortes

320 4029 416 4104 Iura
443 4029 619 4129 tyranni.

216 4188 355 4288 Lapsa
381 4188 466 4265 iam
494 4189 649 4263 dudum
679 4188 869 4263 duodena
896 4188 1046 4277 saecla,

217 4294 316 4386 Quis
343 4302 417 4371 tua
444 4320 542 4370 cura
569 4293 683 4371 stetit
710 4321 781 4371 ara
809 4293 960 4386 divum,

217 4402 433 4478 Ausonum
461 4403 639 4503 primum
666 4402 848 4502 regione,
877 4408 1013 4477 toturn

322 4509 424 4585 Inde
452 4535 526 4610 per
554 4511 706 4584 orbem.
