3164 5154
718 235 930 294 CARMINUM

331 434 433 524 Quis
462 432 630 510 fortiore
658 437 803 510 robore
832 458 954 533 quam
983 433 1099 534 pugil

330 542 475 633 Notus,
505 540 676 617 Crotoni
704 541 773 640 qui
802 541 925 617 deous
954 540 1138 617 addidit?

386 648 548 738 Querou
575 653 760 723 retentus
788 647 916 723 fertur
943 648 1029 722 1111

437 756 491 830 Et
517 754 666 830 misero
695 754 863 854 periisse
892 755 986 848 leto,

332 914 484 990 Gratus
512 912 691 989 ferarum
720 921 844 1014 atque
873 914 1045 990 alituum
1074 914 1201 990 cibus,

332 1021 519 1120 Cogente
547 1022 678 1096 morbi
707 1021 748 1096 vi
777 1022 871 1097 salit
897 1021 1095 1096 Hercules

384 1129 518 1203 Iratus
546 1128 758 1203 ardentem
787 1127 921 1204 furore

438 1235 488 1310 In
515 1259 661 1334 rogum
690 1243 732 1311 et
759 1235 918 1311 invenit
943 1235 1040 1334 igne
1068 1241 1256 1312 mortem.
1408 1291 1418 1328 2

331 1396 518 1470 Fortuna
546 1419 635 1470 sese
663 1395 816 1471 viribus
843 1394 954 1471 haud
981 1395 1102 1470 timet

333 1501 548 1602 Opponere
577 1502 713 1578 audax
739 1501 929 1600 frangere
957 1501 1192 1600 quemlibet.

383 1609 537 1706 Ingens
564 1606 799 1707 frequenter
825 1611 985 1709 pondus
1012 1608 1103 1709 ipsa

437 1716 513 1790 Est
541 1714 619 1790 sibi
648 1716 968 1816 deprimiturque
996 1716 1141 1791 moles:

333 1874 402 1950 Sio
431 1872 628 1950 fortitudo
658 1901 702 1951 se
731 1901 892 1975 quoque
921 1875 1104 1952 destruit.

331 1981 526 2056 Humana
552 1981 651 2073 vita,
681 1984 777 2057 heu!
807 1983 971 2082 prodita
998 1982 1159 2082 saepius

384 2087 587 2163 Laetante
616 2113 687 2189 spe
716 2089 958 2182 securitatis,

439 2193 592 2294 Implet
619 2195 689 2271 ubi
718 2222 819 2271 aura
846 2196 1026 2271 secunda
1052 2195 1156 2269 vela.

332 2350 401 2426 An
430 2354 549 2454 copia
577 2355 723 2455 ingens
751 2381 835 2430 non
863 2363 986 2430 nocet
1012 2356 1117 2430 haee
1146 2355 1238 2447 sibi,

332 2459 442 2533 Dum
470 2487 585 2537 mens
614 2462 774 2538 laborat
801 2462 995 2562 pauperie
1024 2463 1162 2562 gravi?

385 2565 465 2654 Qui
493 2571 638 2644 robore
667 2569 866 2644 immenso
895 2570 1099 2661 tumescit,

437 2674 530 2750 Non
559 2676 766 2776 proprium
794 2683 1015 2752 veneratur
1042 2677 1228 2752 hostem?

760 3204 856 3268 XIV.

297 3399 370 3478 Al)
403 3398 992 3479 CLEANDRUM:AN1MUS
1023 3400 1325 3501 COLENDUS,

624 3525 740 3603 NON
772 3524 994 3603 CORPUS.

328 3704 547 3802 Languore
576 3729 744 3793 marces
774 3703 955 3779 febribus
983 3711 1147 3780 aestuas
1302 3722 1351 3775 fol.
1370 3724 1422 3778 ‘23‘-

327 3811 382 3886 Elt
408 3814 593 3886 membra
621 3818 759 3885 suetus
788 3811 975 3885 destituit
1003 3811 1113 3887 oolor

382 3917 446 3991 Ao
475 3942 621 4016 eorpus
651 3919 897 3992 exhaustmn
926 3919 1066 3993 labore

434 4022 604 4099 Difficili
634 4024 784 4099 minuit
812 4034 1010 4100 senectus.

328 4182 473 4259 Annos
502 4184 696 4260 iuventae
724 4191 770 4260 tu
799 4192 940 4260 tamen
969 4191 1011 4259 et
1040 4185 1126 4261 dies

327 4291 481 4390 ringis,
514 4291 727 4367 Cleander.
757 4292 909 4366 Nubila
937 4293 1110 4392 dissipat

380 4398 509 4474 Vultu
539 4423 682 4474 sereno
713 4397 784 4473 Sol
812 4400 1001 4475 relucens

433 4506 487 4581 Et
514 4505 658 4580 dubias
686 4508 877 4581 tenebras
906 4507 1083 4582 resolvit.
