3164 5154
648 1129 676 1195 1.

372 1344 570 1423 STUDIA
599 1343 947 1425 SENECTUTIS.

182 1557 250 1632 Ad
278 1565 433 1635 metam
460 1582 668 1658 properas,
698 1584 742 1634 es
770 1559 884 1636 senio
912 1562 1066 1659 gravis:
1149 1579 1200 1635 fol.
1218 1581 1272 1639 61¹·

182 1665 277 1740 Non
305 1671 347 1739 te
376 1664 550 1740 deliciae
577 1666 645 1741 vel
671 1666 849 1741 nitidum
877 1666 995 1742 iubar

181 1771 331 1848 Vultus
360 1770 556 1848 sollicitat
583 1797 661 1848 nec
688 1797 831 1850 roseae
859 1798 1004 1872 genae,

183 1879 240 1956 Ut
265 1903 395 1978 nuper
424 1878 646 1978 Crobylum
673 1879 855 1956 moribus
883 1881 995 1956 haud
1023 1884 1153 1977 malis,
1274 1941 1287 1978 4

181 1983 345 2061 Aetatis
374 1987 543 2062 tenerae
572 1985 644 2061 sed
672 1984 763 2063 face
791 1984 1005 2064 fervidum.

181 2091 274 2167 Non
301 2091 479 2169 fecunda
505 2099 676 2168 movent
702 2118 876 2170 munera
902 2095 1055 2190 Liberi,

180 2198 274 2275 Non
302 2224 447 2275 suaves
476 2200 632 2299 epulae,
660 2200 842 2276 nectaris
870 2207 944 2278 aut
971 2203 1076 2296 cadi,

181 2304 293 2396 Quos
321 2305 460 2383 haurit
487 2305 621 2405 Clytie
649 2312 815 2406 gutture
844 2307 1046 2404 candido,
1274 2366 1288 2406 ⁸

179 2412 331 2488 Forma
360 2412 594 2512 conspicua,
624 2413 698 2488 sed
724 2413 864 2491 bibulo
892 2415 1016 2492 nimis
1264 2410 1266 2415 ’

182 2518 373 2595 Coniunx
400 2519 567 2619 ingenio
594 2520 787 2621 pauperis
815 2522 943 2620 Ibyci.

180 2625 274 2702 Non
301 2632 343 2701 te
370 2626 587 2727 pelliciunt
614 2627 801 2704 carmina
830 2627 963 2704 Gratti

179 2733 215 2806 N
218 2758 266 2808 ec
294 2733 434 2808 multis
463 2734 616 2810 salibus
645 2758 788 2834 sparsa
814 2735 1026 2811 volumina

178 2839 233 2913 Et
258 2838 420 2914 blandis
450 2839 578 2916 etiam
609 2839 776 2917 floribus
803 2841 979 2934 Heinsii‚

181 2944 262 3021 Seu
289 2970 412 3046 prosa
439 2946 569 3022 libeat
595 2973 668 3023 seu
695 2974 889 3025 numeros
919 2957 1042 3043 amet,

180 3051 292 3141 Quos
321 3053 471 3128 mirata
497 3052 576 3131 fuit
602 3055 787 3154 pluribus
817 3056 1002 3132 eminens

177 3160 233 3233 Elt
259 3157 420 3236 famosa
446 3160 543 3235 viris
573 3160 711 3237 Gallia
737 3161 920 3262 Belgica.
1260 3216 1286 3257 ω

179 3265 273 3340 Non
302 3264 444 3342 Croesi
471 3273 545 3344 aut
571 3266 744 3367 Phrygii
773 3269 943 3345 divitiae
970 3270 1109 3346 Midae

178 3372 403 3449 Delectant
430 3374 626 3469 animum,
659 3399 744 3450 non
771 3376 929 3452 nitidae
957 3381 1104 3470 trabea,

178 3479 272 3554 Non
300 3504 481 3555 manner
507 3482 688 3574 Parimn‚
718 3507 885 3581 gemma
911 3509 989 3559 nec
1017 3483 1173 3560 Indica.

178 3584 287 3674 Quid
314 3587 513 3663 tandem?
540 3588 651 3664 nivei
679 3588 812 3687 gloria
839 3589 1030 3690 pectoris

177 3693 339 3769 Doctae
366 3701 589 3794 perpetuus
616 3695 800 3771 Palladis
828 3698 951 3772 ardor
978 3701 1021 3772 et

176 3799 330 3875 Fontes
358 3799 441 3876 fors
470 3801 619 3876 itemm
649 3801 903 3878 Castalidum
932 3802 1102 3879 iuvant?

178 3905 286 3996 Quid
312 3907 513 4006 figmenta
541 3908 629 4001 tibi,
658 3907 823 3984 fabulae
850 3909 1044 3985 inutiles?

176 4013 394 4090 Ducantur
421 4014 591 4090 iuvenes
619 4014 830 4090 Pieridum
860 4017 1001 4091 choro:

176 4119 398 4219 Indulgere
425 4121 529 4198 iocis
557 4123 688 4198 lustra
714 4129 859 4199 vetant
886 4123 1040 4204 decem.

177 4226 377 4303 Caelestis
405 4229 544 4328 potius
572 4230 736 4305 volvere
765 4237 807 4305 te
836 4229 947 4305 subit

176 4332 300 4430 Legis
330 4360 429 4411 cura
455 4335 593 4428 libros,
624 4361 747 4436 quam
776 4336 928 4435 digitus
958 4337 1023 4412 dei

175 4438 405 4542 Descripsit
432 4442 593 4536 tabulis,
620 4444 789 4519 reddere
818 4442 1008 4518 laudibus
