3164 5154
572 240 647 298 ΠΒ.
665 239 722 296 ΠΙ.
741 241 857 298 11-13,

173 439 335 515 Placidi
363 440 487 516 ardor
514 439 581 517 dei
609 464 663 515 an
690 441 802 517 haud
830 440 995 516 suavior
1022 441 1142 516 astris

173 546 409 622 Reniientis
437 547 571 646 magis
599 571 649 624 aa
679 547 765 622 sole
792 547 1024 648 propinquo

63 651 205 752 Magis
233 653 417 729 ardeniis
446 659 489 729 et
511 654 565 730 ad
593 678 637 730 se
658 653 800 731 omnia
823 653 1016 730 ducentis
1044 653 1088 728 in
1112 653 1267 729 altum?
1316 708 1341 747 12

656 1339 756 1409 xm.

328 1553 575 1656 ANTIQUA
602 1554 780 1632 AETAS
808 1554 879 1631 ΕΤ
906 1555 1071 1635 NOVA.

225 1783 401 1885 Antiqui
430 1785 614 1862 celebras
643 1792 833 1885 tempora
860 1787 1014 1863 saeculi

223 1892 277 1969 Et
304 1891 461 1991 priscos
489 1897 633 1968 atavos
661 1892 851 1969 laudibus
881 1894 1033 1970 evehis:

276 1997 416 2074 Nostri
444 1998 583 2074 taedia
611 2023 745 2074 mores

328 2105 382 2180 Ei
410 2129 543 2181 sermo
572 2105 740 2205 pariunt
767 2105 855 2181 tibi.

224 2263 267 2340 Si
296 2269 464 2364 spernat
490 2270 672 2339 veterem
701 2264 791 2363 quis
820 2265 1077 2364 sapientiam,

221 2371 332 2447 Huie
361 2394 524 2446 meeum
559 2394 722 2470 quoque
755 2370 840 2446 sint
874 2371 1010 2448 tristia
1037 2373 1182 2472 iurgia,

274 2477 508 2576 Numquam
535 2475 705 2553 foedera
731 2477 857 2576 pecie,

325 2582 456 2659 Vates
485 2608 580 2659 cum
608 2583 747 2680 relego
775 2607 917 2659 novos,

219 2741 407 2818 Dircaeis
436 2740 535 2842 quid
563 2742 673 2816 enim
702 2742 863 2818 dulcius
892 2750 955 2819 est
981 2744 1115 2819 modis

220 2847 308 2924 Aut
336 2848 435 2948 quid
461 2849 655 2925 Maeonio
686 2849 868 2925 carmine
895 2850 1078 2950 gratius?

272 2955 440 3054 Aequat
465 2954 579 3031 faeta
605 2962 790 3032 vetustas

325 3063 510 3137 Heroum
539 3069 581 3138 et
605 3062 772 3162 paribus
802 3062 915 3138 canit

217 3219 374 3295 Exacta
402 3221 593 3296 numeris.
621 3220 722 3311 Quis
752 3221 954 3296 citharam
983 3220 1080 3297 serii

218 3326 336 3402 Nune
365 3328 521 3427 plectro
551 3326 699 3402 simili?
727 3328 794 3402 vel
820 3327 970 3402 fidibus
999 3331 1143 3403 sonat?

269 3432 373 3508 Duri
400 3434 557 3533 proelia
585 3433 730 3509 Mariis

324 3538 424 3629 Quis
454 3539 578 3640 digne
607 3548 811 3615 memorat
838 3541 952 3640 lyra?

214 3698 345 3774 Aetas
372 3706 515 3776 nostra
542 3701 629 3776 solo
659 3699 733 3775 sed
760 3706 902 3775 tamen
929 3699 1040 3775 haud
1068 3699 1179 3776 iacet

213 3805 361 3898 Effem,
392 3805 520 3881 sieiiii
548 3806 719 3905 languet
748 3812 790 3881 et
818 3807 918 3882 otio:

266 3912 341 3986 Est
367 3912 532 3987 virtutis
559 3912 700 4010 imago
730 3918 773 3988 et

318 4017 461 4116 Magni
490 4017 622 4115 gloria
648 4018 840 4093 nominis.
1296 4071 1323 4110 20

213 4174 314 4265 Quis
330 4176 718 4274 mystasThemidis,
737 4178 827 4276 quis
840 4183 1031 4253 numeret
1039 4177 1173 4254 Iovis?

212 4279 313 4370 Quis
341 4283 546 4383 nymphas
574 4291 748 4377 teneras,
767 4284 975 4383 virgineos
1000 4284 1172 4361 choros?

262 4387 357 4464 Non
385 4390 547 4465 atrocia
574 4390 684 4465 bella

315 4495 480 4571 Desunt
505 4521 583 4572 nee
609 4496 771 4571 validus
799 4495 927 4595 vigor.
