3164 5154
499 247 573 302 LlB.
593 249 673 302 VIII.
694 249 810 304 27-29.

234 447 402 522 Lubriei
430 472 576 538 mores
606 447 806 523 scelerata
834 448 920 525 vita

233 554 431 629 Dulcibus
459 553 593 629 verbis
622 553 734 629 soliti
761 554 905 631 latere:

234 662 290 738 Ut
317 663 444 760 probe
472 659 630 753 fallant,
661 661 861 737 simulant
888 687 1084 755 amorem,

338 766 464 843 Basia
492 768 660 843 iactant,
1259 825 1286 864 20

233 910 398 1009 Lingua
426 911 485 985 sio
514 936 741 1010 numquam
774 911 972 1012 sapientis
1001 921 1131 989 errat:

234 1018 374 1092 Mente
395 1019 504 1118 quod
523 1017 662 1109 volvit,
682 1018 864 1117 loquitur
884 1018 1086 1113 decenter,

234 1126 367 1199 Recta
395 1150 499 1223 quae
527 1125 654 1217 novit,
685 1125 867 1226 peragit;
896 1127 1053 1202 recedit

341 1231 524 1307 Tramite
552 1231 668 1308 falso,

582 1446 739 1454 —-—-—-

592 1567 730 1632 XXIX.

342 1709 655 1788 FORTITUDO
689 1710 988 1790 CONSTANS.

233 1870 449 1970 Languido
478 1873 653 1948 mortale
682 1898 812 1972 genus
840 1873 981 1974 vigore
1133 1888 1183 1944 fol.
1203 1891 1277 1946 152¹·

236 1979 335 2052 Esse
364 2002 406 2052 se
435 1977 547 2069 dicit,
578 1979 773 2077 gravibus
802 1981 980 2057 ferendis

236 2086 373 2160 Rebus
402 2086 512 2160 haud
542 2092 697 2186 aptum,
727 2087 897 2164 minimo
927 2087 1075 2165 lacessi

342 2194 529 2267 Membra
556 2193 709 2268 labore.

236 2333 393 2410 Stultus
422 2335 491 2410 hio
521 2340 562 2410 et
589 2334 841 2435 perniciosus
871 2362 997 2413 error:

236 2441 371 2517 Fortis
400 2467 540 2517 annon
567 2442 611 2516 in
638 2441 785 2517 vitium
813 2443 1004 2520 iuventus

235 2547 408 2623 Proeliis
438 2547 589 2624 crebris
620 2549 809 2626 animosa
836 2552 1000 2650 gaudet,

342 2656 525 2731 Vulnera
554 2656 738 2756 spernit?

237 2798 429 2889 Feminae
459 2798 572 2874 ducit
600 2798 745 2873 similis
774 2798 944 2899 cupido:

238 2904 454 3003 Unguibus
485 2912 657 2996 certant,
687 2906 876 2981 lacerant
903 2905 1087 3005 capillos

239 3011 300 3086 Ob
329 3013 441 3087 leves
471 3037 617 3088 causas
645 3012 830 3088 violenta
858 3038 982 3113 saepe

344 3119 485 3218 Iurgia
511 3120 699 3195 miscent.

236 3260 328 3334 Non
357 3261 434 3336 <leo
463 3286 618 3360 poenas
647 3260 834 3360 agitante
862 3261 991 3336 vincit

238 3367 432 3466 Nympha
460 3369 675 3442 crudeles?
704 3376 871 3443 tenerae
900 3369 1060 3468 puellae

238 3473 393 3571 Impios
422 3474 505 3550 acri
536 3483 731 3574 superant
757 3482 956 3573 tyrannos

343 3581 507 3657 Robore
535 3581 709 3657 mentis?

238 3723 418 3798 Militum
446 3723 538 3799 risit
566 3723 792 3800 Oatharina
819 3726 983 3799 turbam

239 3832 292 3906 Et
319 3831 470 3929 sophos
499 3831 635 3930 plures
662 3832 823 3907 ratione
851 3830 990 3931 fregit:

239 3938 326 4012 Nee
354 3943 489 4011 rotam
520 3939 650 4013 diram
679 3938 828 4013 metuit
855 3938 920 4012 vel
950 3965 1091 4014 ensem

346 4045 510 4119 Pallida
538 4045 735 4121 strictum.

240 4186 430 4261 Pectoris
458 4212 543 4261 non
571 4188 674 4262 haee
703 4211 906 4285 generosa
933 4188 1064 4264 virtus

240 4292 308 4367 Ad
337 4319 455 4367 suum
484 4319 573 4369 sese
602 4293 818 4370 referentis
848 4299 1009 4370 ortum?

239 4400 372 4475 Morte
400 4399 585 4476 fortassis
614 4401 778 4499 potiora
807 4427 945 4501 speras

347 4506 476 4605 Signa
503 4509 674 4583 videre?
