3164 5154
470 209 542 263 LIB.
561 209 613 263 XI.
635 209 748 266 16-18.

538 582 671 649 XVIII.

385 813 635 892 AMICITIA
661 815 819 892 VERA.

182 1049 320 1124 Rebus
348 1047 516 1123 incertis
545 1071 661 1122 amor
688 1052 752 1122 est
778 1049 1030 1148 probandus:
1094 1060 1234 1115 fol.182=-

182 1155 314 1231 Verus
343 1179 396 1229 an
423 1152 551 1230 fallax
579 1154 707 1228 animi
734 1154 924 1230 medullis

182 1262 377 1354 Profluat,
408 1287 571 1361 semper
598 1261 733 1336 dubiis
760 1261 926 1362 periclis

289 1368 466 1444 Cernere
493 1393 680 1468 pronum.

181 1564 364 1639 Theseus
392 1588 477 1638 non
504 1563 737 1639 Pirithoum
764 1563 941 1662 reliquit,

180 1669 379 1747 Praebuit
406 1696 495 1746 sese
518 1671 684 1771 Stygias
713 1671 767 1746 ad
792 1671 925 1746 undas

182 1778 322 1877 Usque
350 1777 554 1852 sincerum
583 1777 778 1853 comitem
806 1803 884 1853 nee
913 1782 1033 1852 antra

286 1883 458 1960 Honuit
486 1883 592 1959 Orci.

180 2078 328 2156 Haesit
353 2079 499 2154 insano
528 2080 707 2178 Pylades
736 2079 884 2172 Oresti,

181 2186 317 2262 Saeva
342 2212 420 2262 nee
448 2185 532 2262 eari
561 2187 709 2286 eapitis
735 2188 934 2287 Megaera

180 2293 404 2370 Vinculum
431 2293 552 2393 rupit,
582 2294 721 2393 potuit
747 2320 825 2370 nee
853 2301 964 2372 artos

287 2399 455 2475 Solvere
483 2424 622 2477 nexus.

180 2598 296 2671 Haeo
322 2596 401 2673 fuit
427 2597 561 2696 priseo
590 2597 749 2696 speeies
777 2600 829 2673 ab
858 2622 960 2673 aevo

182 2703 394 2780 Candidae
422 2704 584 2795 mentis,
613 2703 725 2779 nivei
754 2702 917 2779 favoris.

180 2811 318 2888 Vertit
345 2818 391 2886 at
416 2817 614 2904 nostrum,
645 2811 785 2887 docuit
813 2811 957 2886 dolosa

285 2918 474 2994 Pandere
501 2919 604 2994 vela.

181 3121 312 3211 Quem
340 3120 416 3195 tibi
443 3121 572 3195 fidum
599 3120 753 3220 repen's
782 3120 990 3196 sodalem?

179 3227 274 3303 Hoc
303 3227 468 3326 quidem
496 3228 632 3303 verbis
660 3228 784 3304 nimis
812 3233 1054 3327 arroganter

180 3334 363 3424 Quilibet
390 3335 536 3410 iactat:
563 3334 670 3409 nihil
697 3335 897 3412 asserenti

285 3441 427 3534 Crede,
457 3442 657 3517 Menalca.

176 3634 304 3710 Plura
330 3636 524 3712 mendaci
552 3636 660 3735 gerit
688 3661 758 3712 ore
787 3661 916 3711 vanus

178 3741 392 3818 Choerilus
420 3743 638 3842 promissa:
669 3743 892 3842 quidinde
921 3748 1085 3843 speres?

176 3848 332 3948 Decipi·
356 3856 525 3940 eertum,
554 3851 635 3925 nisi
662 3857 705 3925 te
732 3850 936 3948 benignus

284 3955 430 4031 Servet
457 3956 621 4055 Apelle.

176 4150 304 4226 Ludit
331 4152 440 4227 hano
467 4153 644 4227 mundus
673 4151 809 4251 fragili
836 4154 1001 4230 theatro

177 4257 391 4350 Fabulam,
422 4266 633 4359 spectator
661 4260 780 4336 adest
807 4267 851 4336 et
878 4267 1011 4337 actor:

175 4365 303 4440 Fallit
329 4365 399 4440 hie
425 4367 590 4466 plebem
618 4367 778 4443 tumido
805 4376 967 4468 paratu,

284 4471 411 4548 Ridet
437 4480 483 4549 at
508 4473 587 4552 ille.
