3164 5154
173 233 237 293 194
706 222 914 281 SILVARUM

330 425 554 501 Praeclara
581 424 710 500 virtus
737 423 924 524 praemia
951 422 1033 499 fert
1060 447 1242 523 quoque,

327 531 432 607 Post
460 531 548 607 fata
574 532 640 606 vel
668 531 766 606 dum
793 530 882 606 vita
909 534 1066 606 manet:
1095 528 1209 606 nihil

383 638 477 712 Non
505 637 641 712 reddit
669 637 848 713 adflictis
879 636 1078 737 Olympus

436 744 624 821 Iustitiae
652 743 801 820 fideive
830 767 981 818 amore.

328 903 531 1003 Expertus
561 910 625 978 est
650 928 732 995 rer,
762 926 885 1002 quem
913 900 1059 977 statuit
1086 901 1190 978 deus

329 1008 455 1085 Genti
484 1010 712 1108 dynastam,
741 1033 819 1084 neo
848 1007 1044 1084 Salomon
1071 1014 1199 1084 tacet.

382 1116 504 1191 Hunc
532 1116 650 1192 volve
678 1115 857 1217 prudens
886 1115 1087 1191 codicem:
1115 1115 1246 1191 horas

436 1222 527 1313 Quo
557 1222 691 1298 studio
721 1222 866 1297 melius
892 1221 1079 1299 locabis?
1404 1272 1422 1312 a

783 1828 830 1895 II.

166 2042 418 2122 ELECTOR
447 2043 720 2121 SAXONIAE
753 2041 996 2121 ELECTUS
1029 2041 1141 2119 REX
1167 2042 1427 2124 POLONlAE.

326 2255 446 2329 Nunc
476 2259 539 2328 est
564 2253 801 2345 bibendum,
828 2277 941 2328 nuno
969 2251 1075 2353 pede
1103 2251 1240 2331 libero
1312 2269 1359 2324 fol.
1374 2267 1414 2323 ss·

325 2361 537 2436 Pulsanda
564 2360 711 2436 tellus:
743 2359 961 2459 impositus
990 2359 1140 2434 throno

377 2468 452 2541 Est
481 2466 764 2542 Sarmatarum
795 2466 916 2556 Saxo,
945 2471 1077 2541 terror

431 2573 656 2663 Bistoniae,
687 2572 854 2672 imperii
883 2572 1086 2648 columna.

327 2730 439 2821 Quos
467 2731 537 2806 ille
564 2730 726 2830 magnis
755 2730 908 2806 viribus
938 2732 1123 2807 aemulos

324 2837 553 2929 Submovit,
585 2838 709 2914 ducto
738 2839 885 2913 robore
915 2837 1086 2939 depulit!

377 2944 478 3036 Quis
506 2950 647 3043 posset
672 2969 869 3043 umquam
897 2969 1036 3020 arcere
1065 2943 1249 3045 sceptris

431 3049 508 3126 Cui
537 3052 637 3127 deus
666 3057 709 3126 et
735 3050 881 3126 melior
908 3048 1075 3126 favebat

323 3208 560 3284 Mortalium
588 3212 708 3311 pars?
738 3208 893 3285 Tristia
920 3209 1124 3302 desinant,

324 3313 497 3415 Sperare
525 3341 679 3391 numen
706 3341 904 3416 prospera
930 3340 1006 3391 nos
1034 3315 1176 3393 iubet:

377 3421 517 3499 Virtus
547 3429 630 3498 stat
657 3422 903 3498 inconcussa
930 3429 1039 3498 tetra

429 3529 609 3603 Perfidia
636 3529 807 3628 regione
834 3532 995 3605 abacta.
1105 3575 1108 3581 ·

322 3686 497 3786 Impune
525 3712 610 3763 non
637 3687 721 3762 iam
749 3690 948 3764 barbarus
977 3687 1152 3788 amplius

322 3792 516 3869 Vastabit
542 3794 673 3869 hostis
701 3795 871 3894 praedia
898 3794 1031 3870 milite

375 3899 477 3974 Dirc
508 3907 550 3974 et
576 3901 734 4000 rapaci:
766 3903 883 3977 clade
911 3901 1042 4003 pressi

428 4006 599 4083 Finibus
629 4006 845 4105 aufugient
874 4007 1037 4083 Geloni.

320 4163 441 4238 Nunc
468 4165 611 4263 prisca,
640 4167 794 4241 dudum
824 4192 928 4266 quae
955 4166 1091 4261 latuit,
1119 4166 1223 4243 fides

318 4270 456 4345 Terris
484 4271 655 4348 redibit:
686 4273 818 4372 gloria
844 4273 1043 4349 verticem

373 4375 559 4477 Antiqua
586 4380 722 4478 gentis
751 4380 882 4472 tollet,
912 4383 1032 4456 urbes

427 4484 536 4560 'Puta
563 4486 679 4584 quies
709 4492 751 4561 et
779 4512 900 4585 agros
927 4486 1089 4563 reviset.
1388 4526 1406 4568 a
