3164 5154
504 269 579 325 LIB.
598 270 636 325 II.
655 271 753 326 9—11.

178 470 354 570 Spieuiis
384 469 535 545 crebris
563 476 606 545 be
635 469 769 567 agitat
795 470 983 568 voluptas

174 580 227 651 Et
255 577 367 653 domi
396 576 626 653 certamina
654 577 754 651 dura
782 577 949 652 miscet:

176 685 286 759 Hine
313 684 452 760 iacent
478 682 601 759 foedo
631 690 674 758 et
702 683 825 759 oeleri
852 682 1090 782 frequenter

281 793 442 866 Funere
470 790 600 865 multi.

178 951 350 1050 Saepius
379 950 494 1025 suavi
522 949 704 1025 tumidus
733 951 869 1025 colore

178 1058 349 1155 Cogitur
376 1057 571 1132 membris
599 1056 763 1155 gravius
793 1057 940 1148 dolere,

179 1164 268 1253 Quo
298 1164 432 1239 minus
462 1169 583 1239 oauto
612 1163 763 1239 metuit
789 1187 941 1263 pavore

284 1270 447 1370 Aspera
474 1270 612 1348 eladis.

180 1430 325 1506 Tutior
352 1429 481 1505 multo
511 1430 564 1505 ad
591 1429 811 1529 probitatis
840 1454 976 1504 arcem

179 1539 349 1612 Trames
378 1543 488 1612 esset
513 1560 599 1611 non
626 1536 762 1611 valide
790 1536 942 1636 vigere,

180 1644 262 1719 Sed
291 1643 421 1744 premi
449 1645 606 1733 morb0,
636 1644 813 1719 tolerare
841 1643 1002 1743 pondus

286 1750 477 1849 Corporis
508 1750 632 1849 aegri.

180 1911 364 1985 Arbubus
392 1908 535 1985 fractis
563 1909 818 2010 pedibusque
846 1909 968 1984 laesis

181 2016 408 2093 Criminum
437 2043 562 2116 purus
590 2016 762 2092 meliore
790 2042 932 2116 gressu

179 2125 327 2199 Femur
355 2124 408 2197 ad
438 2124 575 2199 caelos
603 2123 775 2216 animus,
806 2146 952 2198 serena

286 2230 373 2304 Neo
401 2230 470 2306 via
498 2229 617 2306 fallit.

180 2390 254 2465 Est
281 2391 475 2466 valetudo
504 2390 688 2489 pretiosa
715 2414 881 2488 gemma

182 2496 387 2596 Corporis
417 2497 568 2572 mentis
596 2496 775 2570 nitidum
803 2496 968 2585 monile,

182 2602 224 2678 Si
254 2629 396 2678 sacrae
426 2604 536 2678 haud
563 2603 727 2678 virtutis
755 2602 835 2677 iter
861 2603 1045 2677 retardet

286 2710 421 2785 Noxia
448 2711 635 2801 suadem,

181 2868 282 2943 Dira
311 2870 384 2943 sed
410 2871 551 2957 moles,
582 2869 651 2943 ubi
679 2869 927 2944 demoratur:

183 2975 288 3049 Nam
319 3000 389 3050 eor
416 2976 623 3050 infimrum
652 2976 762 3052 haud
793 2977 978 3051 habitare
1006 2975 1122 3074 peius

183 3081 322 3156 Possit
350 3106 545 3180 umquam
575 3106 698 3180 quam
727 3083 857 3157 solido
888 3107 936 3157 ao
964 3082 1120 3157 valenti

289 3189 453 3263 Robore
483 3214 654 3288 semper.
1264 3206 1291 3246 2²

629 3821 693 3886 XI.

331 4018 476 4097 AULA
504 4018 749 4095 VITANDA
776 4017 998 4096 POETAE.

184 4214 288 4290 Post
314 4214 402 4291 fata
430 4215 584 4290 clarum
614 4214 648 4289 si
677 4215 799 4288 decus
829 4214 1001 4313 expetis,
1175 4229 1227 4291 sor,
1246 4232 1305 4287 22¹·

185 4320 229 4397 Si
256 4322 368 4397 fama
395 4322 537 4421 magni
565 4321 743 4397 nominis
772 4321 912 4407 aflicit,

240 4427 284 4504 Si
313 4428 541 4503 carminum
571 4429 686 4503 ducit
712 4435 918 4518 venustas,

291 4533 414 4610 Atria
441 4560 588 4635 sperne
616 4535 797 4636 potentis
826 4536 959 4614 aulae.
1278 4573 1292 4609 ι

1179 4658 1197 4712 4
