3164 5154
698 1153 725 1218 Ι.

283 1370 514 1448 VERlTAS
542 1368 737 1445 TERRIS
765 1368 952 1447 PARUM
979 1368 1142 1446 NOTA.

178 1585 311 1676 Quam
332 1583 450 1658 dulce
469 1580 656 1657 veritatis
676 1587 844 1673 astrum,
866 1606 990 1682 quam
1011 1581 1172 1673 decens,
1199 1593 1340 1654 f01.106¹·

284 1692 466 1789 Fulgens
496 1688 635 1789 quieto
663 1687 837 1763 lumine!

176 1800 235 1878 Ut
260 1797 470 1873 noctiluca
498 1795 689 1871 cornibus
716 1794 850 1896 plenis
878 1796 1009 1872 micat

283 1904 447 2003 Regina
476 1903 586 1977 clara
614 1901 806 1993 siderum,

179 2012 284 2089 Cum
311 2014 420 2086 nube
449 2009 610 2085 caelum
637 2008 811 2085 liberum
841 2010 1016 2084 obscura
1043 2016 1175 2100 vacat

286 2117 494 2218 Aquilone
522 2141 600 2192 nec
628 2116 755 2191 silvae
785 2122 982 2215 strepunt.

178 2226 239 2302 At
264 2233 366 2301 nota
392 2223 511 2299 terris
540 2229 604 2298 est
629 2247 775 2322 parum
802 2222 932 2297 virtus
961 2230 1053 2298 tua:

287 2331 431 2429 Caligo
459 2329 589 2405 tristis
616 2329 815 2405 imminet.
1323 2372 1336 2411 Β

178 2439 295 2531 Quae
324 2443 420 2514 sunt
446 2437 689 2537 propinqua,
720 2435 896 2536 perspici
924 2461 1017 2512 raro
1047 2436 1187 2512 datur:

285 2547 440 2620 Latent
467 2550 626 2618 remota
654 2543 884 2642 plurimum.

178 2653 289 2728 Hinc
318 2650 516 2726 fabulosis
545 2650 706 2726 casibus
734 2650 858 2749 plena
887 2649 1046 2724 omnia:

285 2759 506 2857 Figmenta
534 2781 656 2856 saepe
684 2757 897 2832 credimus.
1312 2798 1337 2837 η

179 2865 289 2957 Quin
316 2865 570 2940 somniorum
598 2863 773 2939 naeniae
801 2863 951 2938 ludunt
979 2888 1150 2963 quoque,

286 2973 457 3047 Nostros
487 2977 530 3046 et
557 2969 717 3045 animos
747 2970 943 3045 detinent.

179 3079 341 3179 Ubique
368 3078 496 3154 fallax
524 3077 652 3177 serpit
679 3086 722 3153 et
749 3077 897 3153 crescit
923 3078 1028 3151 lues:

286 3187 378 3261 Hac
406 3186 500 3261 labe
528 3210 651 3260 nemo
680 3184 876 3259 immunis
906 3191 978 3258 est.
1314 3225 1338 3265 η

179 3294 358 3382 Iuvenis,
388 3317 489 3392 puer
515 3293 678 3366 laborat
705 3293 785 3367 hoc
814 3294 957 3367 morbo
988 3316 1037 3365 ac
1067 3315 1208 3366 senex:

286 3399 477 3497 Augetur
505 3398 778 3473 assuetudine.

178 3508 292 3582 Fuco
321 3506 484 3605 puellae
512 3511 692 3595 utuntur,
719 3512 766 3578 ut
791 3529 945 3580 naevos
973 3511 1126 3602 tegant

288 3611 331 3686 Si
360 3612 493 3687 forma
521 3611 619 3711 quid
648 3611 873 3711 deliquerit,
1312 3653 1339 3692 20

180 3720 235 3795 Et
261 3719 423 3819 pondus
452 3719 559 3794 uteri
587 3726 702 3793 veste
733 3719 1004 3808 dissimulant
1032 3725 1150 3793 tener

287 3826 368 3903 Ubi
396 3825 471 3900 flos
499 3825 666 3926 pudoris
696 3825 858 3900 decidit.

181 3931 328 4008 Soluta
354 3941 476 4032 partu
503 3933 740 4032 nuptiarum
771 3957 875 4031 quae
905 3931 970 4005 die

289 4040 342 4115 Sc
370 4039 575 4138 virginem
604 4040 715 4140 prius
745 4039 854 4129 tulit,
1313 4081 1339 4122 u

182 4145 336 4221 Astuta
364 4146 527 4239 Phillis3
559 4172 732 4245 sponsus
764 4146 989 4220 exclamat:
1021 4142 1158 4236 ‚Nefas

291 4251 390 4342 Quis
418 4254 500 4327 hoc
527 4253 719 4352 patravit,
751 4279 774 4328 o
805 4253 891 4327 (11ἰέι

184 4358 292 4449 Quid
321 4359 507 4458 quaeris?
536 4360 701 4434 Exarsit
727 4359 953 4434 iuventutis
983 4359 1111 4433 calor:

290 4464 458 4542 Celatur
484 4475 575 4542 arte·
601 4466 847 4542 incendium.
