3164 5154
601 246 676 302 LIB.
693 247 716 306 I.
735 249 835 304 9-10.

693 461 740 528 X.

170 622 358 701 ARDOR
385 623 668 703 PROFANUS
696 625 764 701 AB
795 624 981 702 AMORE
1012 623 1272 704 CAELESTI

562 748 891 827 SUPERATUR.

245 908 456 985 Candidas
483 908 629 984 frontis
658 908 852 984 Telesilla
880 909 1001 999 dulci,
1207 923 1256 978 fol.
1278 925 1331 981 ὅθ’·

245 1016 334 1106 Quo
362 1016 476 1108 libet,
508 1016 624 1092 ducit
650 1016 800 1114 laqueo
830 1015 1094 1091 revinctum?

244 1122 426 1198 Funibus
453 1123 593 1223 nigris,
625 1120 831 1214 Cleobule,
862 1122 1002 1198 subdis

350 1229 503 1306 Libera
531 1230 647 1322 colla,

247 1370 289 1446 si
318 1396 443 1447 vocas
473 1370 605 1446 crines
633 1371 779 1446 niveae
807 1370 982 1471 puellae,

248 1478 327 1568 Qui
354 1478 469 1554 velut
496 1502 640 1553 corvus
668 1477 856 1553 radiante
882 1475 1045 1579 fulgent

248 1583 342 1661 Sole
369 1610 446 1660 nec
473 1585 608 1661 noctis
636 1584 817 1660 tenebris
848 1585 1027 1661 colorem

353 1691 532 1768 Perdere
559 1699 724 1768 norunt.

247 1833 433 1909 Indicem
461 1834 572 1909 hunc
600 1835 751 1910 mentis
780 1833 939 1910 stabilis
969 1831 1132 1908 fateris:

249 1940 331 2016 Cur
358 1945 499 2016 tamen
526 1939 661 2018 fracta
689 1941 869 2041 quereris
897 1939 1133 2038 frequenter

248 2048 311 2123 De
339 2047 443 2123 fide?
472 2072 598 2147 quare
625 2047 798 2125 memori
825 2071 1008 2123 reservas

355 2154 531 2231 Pectore
559 2155 712 2231 bilem?

251 2295 294 2370 si
322 2295 398 2371 tibi
427 2303 621 2372 constans
650 2297 822 2388 animus,
851 2296 1040 2371 modesta

252 2403 360 2478 Cura
388 2402 442 2478 sit
469 2428 644 2502 sponsae
672 2403 803 2480 teneri
831 2401 1012 2503 pudoris,

253 2509 367 2599 Quae
394 2510 615 2608 promitte
644 2509 858 2610 suspicio?
887 2508 986 2609 quid
1015 2508 1132 2583 addis

356 2616 497 2715 Iurgia
523 2621 716 2693 maesta?

252 2760 340 2834 lam
367 2758 483 2833 nives
512 2759 622 2836 altae
650 2759 872 2861 prohibent
900 2758 1027 2850 adire,

254 2865 387 2955 Quam
414 2865 538 2941 miser
566 2867 666 2944 totis
695 2866 830 2942 inhias
858 2864 1049 2941 medullis

253 2973 305 3048 Et
331 2972 412 3047 tuis
441 2996 565 3071 quam
593 2975 684 3075 plus
713 2974 841 3049 oculis
870 2997 1049 3073 perenne

357 3077 507 3178 Diligis
536 3083 695 3157 ardens.

255 3221 335 3297 Sed
363 3228 507 3297 tamen
535 3223 600 3296 cui
629 3221 866 3298 sollicitudo
896 3220 1039 3312 maior,

254 3327 322 3402 An
349 3328 426 3403 tibi
455 3354 508 3403 an
535 3329 666 3420 nobis,
696 3328 854 3404 animos
883 3333 1083 3403 nocentes

260 3434 338 3524 Qui
367 3435 444 3511 deo
475 3441 517 3510 et
546 3436 660 3512 caelo
691 3435 879 3536 cupimus
907 3434 1048 3509 reduci

361 3542 567 3617 Faucibus
596 3542 716 3619 Orci?

255 3682 378 3758 Nulla
404 3688 629 3783 tempestas
658 3691 772 3759 vetat
799 3688 872 3758 aut
898 3683 1092 3782 procella,

256 3787 346 3878 Quo
376 3791 510 3866 minus
539 3791 713 3891 sumptis
740 3814 1007 3891 properemus
1036 3789 1111 3864 alis

257 3895 418 3997 (Cordis
446 3898 526 3973 hoc
555 3895 816 3997 desiderium)
844 3902 1031 3972 retentos

361 4003 506 4080 Visere
534 4006 656 4080 lecto.

255 4144 315 4219 Ne
344 4152 460 4220 tuum
488 4145 664 4246 posthac
694 4144 875 4220 celebres
905 4145 1096 4237 calorem,

255 4251 405 4329 Nostra
434 4278 527 4328 oum
557 4252 709 4326 dudum
739 4258 903 4352 superet
929 4250 1088 4331 favilla:

256 4357 377 4450 Hinc,
407 4384 523 4434 amor
551 4359 649 4458 quid
677 4358 741 4449 sit,
773 4358 960 4459 Cypridis
990 4358 1089 4458 quid
1117 4363 1264 4448 aestus,

361 4465 532 4541 Discere
560 4465 703 4566 possis.

654 4663 812 4672 ---·
1232 4640 1266 4694 10
