3164 5154
578 244 649 299 LlB.
668 243 719 298 IV.
738 245 837 300 8-10.

224 443 306 518 Seu
333 468 436 544 pace
465 443 582 544 ponti
611 444 733 519 litora
760 444 971 542 gaudeant

224 551 305 626 Seu
333 551 456 627 tollat
482 548 635 625 Auster
662 550 848 626 turbidus
877 575 1055 650 aequora

277 658 359 734 Seu
386 658 573 757 Iuppiter
601 657 804 734 diffundat
831 657 995 748 imbres,

328 765 421 839 Lux
446 764 583 839 radios
611 766 676 840 vel
704 790 879 840 amoena
907 771 1081 864 spargat.
1300 819 1326 857 2,

223 925 315 999 Non
345 932 510 1024 sceptra
536 925 672 1024 poscit
697 950 775 999 nec
805 925 1041 1000 diademata

225 1030 363 1106 Gestit
390 1034 564 1132 superbo
593 1032 805 1132 imponere
832 1032 976 1107 vertici

278 1136 473 1213 Ambitve
502 1138 636 1214 fasces
666 1139 901 1215 consulares

329 1242 418 1320 Aut
445 1245 597 1345 populo
628 1247 743 1346 cupit
769 1245 982 1345 imperare.
1300 1298 1328 1338 a

224 1407 297 1479 Est
325 1406 507 1504 pulcher,
537 1406 684 1505 ingens
713 1433 794 1498 rex,
823 1406 986 1505 sapiens
1015 1412 1163 1496 tamen,

224 1513 363 1602 Dives,
397 1516 553 1603 beatus,
584 1539 660 1612 par
688 1514 857 1613 superis,
887 1522 1046 1612 potens,

280 1619 382 1694 Cum
411 1620 547 1695 nullus
576 1621 764 1720 impellat
791 1621 1002 1710 tumultuet,

332 1725 471 1826 Atque
500 1726 639 1802 animo
668 1727 853 1828 potiatur
880 1752 1021 1826 aequo.
1303 1777 1328 1816 Β,

695 2293 708 2313 7

675 2293 720 2356 λ.

305 2509 460 2588 AMOR
487 2507 659 2584 FILIAE
687 2507 833 2585 ERGA
862 2508 1102 2585 MATREM.

1172 2629 1222 2684 fol.
1242 2631 1313 2686 103²·

68 2722 203 2812 Quam
222 2722 337 2796 vultu
356 2721 487 2796 nitido
511 2747 564 2811 ea,
595 2722 828 2812 Leuconoe,
849 2745 971 2819 quam
991 2721 1127 2795 radias
1148 2720 1286 2820 genis!

65 2829 133 2906 Sic
163 2837 282 2904 ornat
310 2829 499 2903 meritam
529 2837 694 2903 sanctus
723 2853 849 2915 amor,
879 2828 938 2903 sic
968 2828 1085 2901 iubar
1113 2828 1252 2918 adicit,

64 2938 241 3011 Matrem
271 2941 408 3011 aetate
437 2960 605 3034 gravem
635 2936 730 3008 dum
758 2933 928 3025 refoveo,
964 2935 1120 3034 excipis
1149 2934 1287 3008 osculo

64 3043 129 3119 Ao
159 3042 268 3117 dulci
297 3042 466 3142 gremio,
496 3042 648 3117 blanda
676 3067 800 3117 manu
828 3041 984 3117 fercula
1013 3042 1107 3116 dum
1128 3040 1328 3139 ingeris.⁴

66 3149 201 3240 Quam
220 3175 330 3224 nunc
350 3150 461 3225 laeta
475 3175 623 3249 parens
639 3155 756 3247 grato
778 3149 933 3224 animo!
951 3148 1149 3224 Praebuit
1162 3150 1290 3223 ubera

62 3257 283 3347 Nascenti3
313 3265 479 3356 cuperet
508 3257 589 3330 iam
618 3257 827 3355 proprium
855 3257 1018 3331 tradere
1048 3256 1235 3355 spiritum

63 3364 149 3439 Pro
177 3369 278 3437 nata
305 3369 456 3453 tenera,
484 3363 518 3436 si
547 3363 700 3438 sineret
727 3364 794 3437 lex
823 3362 1101 3438 adamantina.

63 3471 160 3545 Huc
188 3477 380 3545 converte
410 3470 560 3560 oculos,
591 3471 670 3544 hoc
694 3471 903 3569 speculum
924 3478 1120 3569 perpetuo
1142 3468 1289 3568 aspice,
1317 3505 1330 3542 s

63 3577 202 3668 Quem
229 3577 372 3652 matris
400 3577 536 3651 tenuis
565 3602 662 3651 cura
691 3578 812 3668 subit,
841 3577 953 3651 nulla
983 3576 1116 3675 inopis
1147 3576 1287 3675 patris.

64 3684 253 3774 Caelum,
283 3684 411 3782 virgo,
442 3690 534 3758 tuas
564 3685 799 3759 accumulet
826 3684 1062 3759 muneribus
1090 3707 1236 3756 manus

60 3792 121 3866 Et
148 3791 314 3865 mollem
342 3790 467 3866 nivea
493 3793 606 3890 prole
635 3790 781 3880 sinum,
814 3818 906 3866 cum
936 3790 1060 3865 fueris
1089 3790 1217 3888 probo

62 3897 284 3988 Quondam
315 3897 457 3972 iuncta
474 3898 573 3973 viro.
606 3897 796 3995 Coniugii
817 3898 871 3972 sit
889 3899 978 3972 leve
1000 3924 1114 3983 onus
1146 3898 1290 3970 domus
1306 3930 1330 3967 a

61 4003 203 4080 Sacris
231 4004 356 4103 plena
384 4004 543 4104 opibus:
573 4005 707 4104 prisca
735 4005 848 4095 fides,
879 4012 994 4079 casta
1020 4003 1224 4077 modestia

60 4112 121 4187 Et
147 4111 327 4210 flagrans
355 4111 498 4211 pietas,
529 4118 619 4186 tuta
649 4112 776 4209 quiea,
806 4111 949 4185 suavia
977 4110 1169 4210 pignora:

61 4220 133 4296 Ac
159 4218 291 4318 ruptis
318 4219 442 4294 rutilo
473 4219 590 4293 stella
619 4219 729 4292 mica
757 4218 1001 4293 staminibus
1029 4219 1135 4316 polo,
