3164 5154
167 240 230 296 28ss
693 226 897 282 SILVARUM

167 428 370 528 Corporis,
401 433 465 502 ast
493 426 676 502 animum
704 450 844 501 sacrae
872 425 1089 502 meditatio
1120 424 1229 523 legis

272 534 405 633 Erigit
433 541 475 610 et
503 533 612 608 dulci
639 535 762 608 ubere
792 533 935 632 pascit.

167 642 318 718 Haurit
346 641 513 716 delicias
542 641 626 715 illic
655 648 698 715 et
725 641 852 716 sentit
880 640 1013 714 amica

275 748 447 839 Gaudia,
478 748 567 848 quis
597 747 787 822 caelestis
816 746 943 845 origo.

168 855 315 947 Quare,
346 855 568 956 Calliopea,
598 854 705 929 veni:
732 880 785 929 ne
815 854 956 929 desere
985 879 1123 943 canoS,

275 963 317 1039 Si
346 963 483 1062 placui
511 960 751 1036 florentibus
780 960 909 1036 annis.

169 1069 279 1145 Urbe
308 1069 472 1168 quidem
503 1070 621 1143 cessi:
653 1069 776 1144 silvas
803 1068 983 1143 visamus
1013 1074 1056 1144 et
1082 1071 1252 1145 umbras

273 1176 413 1276 Atque
442 1176 641 1250 immunia
667 1200 761 1250 rura
789 1175 979 1250 tumultu.
1394 1225 1411 1264 s

744 1706 880 1770 xxix.

582 1883 905 1963 DOCTRINAE
931 1885 1029 1961 VIS.

328 2064 531 2139 Doctrina
558 2072 741 2139 mentem
771 2062 950 2137 suaviter
978 2061 1135 2137 excitat
1294 2077 1340 2131 fol
1357 2077 1412 2133 ras·

330 2172 471 2248 Caeno
500 2170 717 2259 iacentem,
748 2169 934 2244 sordibus
965 2168 1078 2244 exuit

383 2277 522 2379 Atque
551 2276 695 2351 eximit
721 2278 841 2351 rebus
871 2276 1049 2366 caducis,

437 2384 605 2459 Sidereo
633 2383 819 2483 potitura
846 2407 985 2482 regno.

328 2547 431 2620 Nam
462 2550 666 2619 monstrat
693 2544 853 2634 ardens,
884 2568 1008 2643 quam
1036 2543 1174 2619 subito
1202 2550 1325 2619 ruant

328 2653 523 2726 Humana
552 2677 662 2743 casu,
691 2652 872 2751 pendula
900 2675 1021 2749 quam
1050 2650 1131 2724 levi

383 2758 447 2833 Sit
473 2758 560 2833 vita
587 2759 670 2832 filo:
700 2758 831 2855 surgit
858 2757 953 2832 inde

435 2866 488 2940 Et
514 2865 705 2965 precibus
735 2889 902 2964 superos
932 2864 1091 2955 adorat,

328 3025 390 3098 Ne
419 3050 462 3099 se
490 3024 661 3100 vetustis
691 3024 927 3100 criminibus
957 3024 1096 3099 sinant

329 3132 483 3205 Rursus
512 3131 678 3222 revolvi,
709 3131 781 3207 sed
809 3131 942 3230 magis
971 3130 1135 3230 erigant

384 3237 566 3314 Sublime
595 3239 792 3314 virtutum
821 3239 874 3312 ad
903 3262 1104 3315 cacumen

435 3347 489 3419 Et
514 3346 657 3421 niveos
687 3345 775 3420 sine
803 3345 897 3420 labe
925 3370 1070 3422 mores.

329 3503 400 3579 Sol
428 3511 474 3578 ut
501 3504 732 3581 ministrum
760 3505 942 3580 fulminis
970 3505 1113 3580 alitem

327 3612 505 3710 Fulgore
533 3619 652 3708 grato
683 3613 858 3687 dulciter
886 3612 1025 3702 allicit,

383 3717 450 3792 Sic
479 3720 568 3793 luce
599 3725 785 3818 spectare
813 3719 1006 3793 irretorta

435 3824 562 3900 Astra
588 3826 695 3924 petit
722 3826 922 3925 placitura
952 3825 1068 3900 divis

327 3983 454 4074 Felix,
486 3985 638 4060 relictis
668 4011 773 4085 quae
802 3986 983 4061 tenebris
1011 3987 1139 4062 micat

328 4090 429 4165 Ortu
457 4094 579 4167 beato
608 4094 833 4192 splendida,
864 4118 968 4192 quae
996 4093 1083 4169 luto

380 4200 530 4274 Terrae
558 4201 739 4291 recessit,
770 4200 873 4298 legit
901 4226 1045 4276 aurum

434 4307 674 4382 Aetherium
706 4308 904 4382 moritura
931 4308 1104 4382 mundo!
1400 4353 1419 4393 c
