<?xml version="1.0" encoding="UTF-8"?>
<!DOCTYPE html PUBLIC "-//W3C//DTD XHTML 1.0 Transitional//EN"
    "http://www.w3.org/TR/xhtml1/DTD/xhtml1-transitional.dtd">
<html xmlns="http://www.w3.org/1999/xhtml" xml:lang="en" lang="en">
 <head>
  <title>
</title>
<meta http-equiv="Content-Type" content="text/html;charset=utf-8" />
  <meta name='ocr-system' content='tesseract 3.04.00' />
  <meta name='ocr-capabilities' content='ocr_page ocr_carea ocr_par ocr_line ocrx_word'/>
</head>
<body>
  <div class='ocr_page' id='page_1' title='image "./psimonrettenbac00lehngoog/psimonrettenbac00lehngoog_0179.png"; bbox 0 0 3164 5154; ppageno 0'>
   <div class='ocr_carea' id='block_1_1' title="bbox 698 241 911 300">
    <p class='ocr_par' dir='ltr' id='par_1_1' title="bbox 698 241 911 300">
     <span class='ocr_line' id='line_1_1' title="bbox 698 241 911 300; baseline -0.009 0"><span class='ocrx_word' id='word_1_1' title='bbox 698 241 911 300; x_wconf 73' lang='lat' dir='ltr'>cucurum(</span> 
     </span>
    </p>
   </div>
   <div class='ocr_carea' id='block_1_2' title="bbox 325 442 1115 841">
    <p class='ocr_par' dir='ltr' id='par_1_2' title="bbox 325 442 1043 544">
     <span class='ocr_line' id='line_1_2' title="bbox 325 442 1043 544; baseline 0 -25"><span class='ocrx_word' id='word_1_2' title='bbox 325 444 476 521; x_wconf 83' lang='lat' dir='ltr'>Thesei</span> <span class='ocrx_word' id='word_1_3' title='bbox 504 450 665 544; x_wconf 90' lang='lat' dir='ltr'>patrem</span> <span class='ocrx_word' id='word_1_4' title='bbox 695 442 832 543; x_wconf 89' lang='lat' dir='ltr'>specie</span> <span class='ocrx_word' id='word_1_5' title='bbox 859 442 1043 542; x_wconf 82' lang='lat' dir='ltr'>nigranti</span> 
     </span>
    </p>

    <p class='ocr_par' dir='ltr' id='par_1_3' title="bbox 325 548 1115 650">
     <span class='ocr_line' id='line_1_3' title="bbox 325 548 1115 650; baseline -0.006 -21"><span class='ocrx_word' id='word_1_6' title='bbox 325 553 430 631; x_wconf 89' lang='lat' dir='ltr'>Vela</span> <span class='ocrx_word' id='word_1_7' title='bbox 458 551 556 627; x_wconf 90' lang='lat' dir='ltr'>dum</span> <span class='ocrx_word' id='word_1_8' title='bbox 584 549 744 640; x_wconf 84' lang='lat' dir='ltr'>fallunt,</span> <span class='ocrx_word' id='word_1_9' title='bbox 772 548 942 650; x_wconf 88' lang='lat' dir='ltr'>periisse</span> <span class='ocrx_word' id='word_1_10' title='bbox 969 556 1115 625; x_wconf 87' lang='lat' dir='ltr'>natum</span> 
     </span>
    </p>

    <p class='ocr_par' dir='ltr' id='par_1_4' title="bbox 327 655 1111 841">
     <span class='ocr_line' id='line_1_4' title="bbox 327 655 1111 736; baseline -0.005 0"><span class='ocrx_word' id='word_1_11' title='bbox 327 659 525 736; x_wconf 86' lang='lat' dir='ltr'>Credulus</span> <span class='ocrx_word' id='word_1_12' title='bbox 555 658 666 733; x_wconf 92' lang='lat' dir='ltr'>celsa</span> <span class='ocrx_word' id='word_1_13' title='bbox 694 681 768 733; x_wconf 91' lang='lat' dir='ltr'>sua</span> <span class='ocrx_word' id='word_1_14' title='bbox 795 659 982 732; x_wconf 91' lang='lat' dir='ltr'>membra</span> <span class='ocrx_word' id='word_1_15' title='bbox 1008 655 1111 732; x_wconf 89' lang='lat' dir='ltr'>turri</span> 
     </span>
     <span class='ocr_line' id='line_1_5' title="bbox 433 763 810 841; baseline -0.011 0"><span class='ocrx_word' id='word_1_16' title='bbox 433 766 570 841; x_wconf 89' lang='lat' dir='ltr'>Iactat</span> <span class='ocrx_word' id='word_1_17' title='bbox 596 763 639 838; x_wconf 91' lang='lat' dir='ltr'>in</span> <span class='ocrx_word' id='word_1_18' title='bbox 666 763 810 838; x_wconf 87' lang='lat' dir='ltr'>undas.</span> 
     </span>
    </p>
   </div>
   <div class='ocr_carea' id='block_1_3' title="bbox 325 922 1174 1132">
    <p class='ocr_par' dir='ltr' id='par_1_5' title="bbox 325 922 1174 1132">
     <span class='ocr_line' id='line_1_6' title="bbox 327 922 1174 1023; baseline -0.005 -21"><span class='ocrx_word' id='word_1_19' title='bbox 327 926 556 1022; x_wconf 86' lang='lat' dir='ltr'>Coniugem</span> <span class='ocrx_word' id='word_1_20' title='bbox 585 924 696 999; x_wconf 90' lang='lat' dir='ltr'>silvis</span> <span class='ocrx_word' id='word_1_21' title='bbox 727 922 933 1023; x_wconf 76' lang='lat' dir='ltr'>Cephalus</span> <span class='ocrx_word' id='word_1_22' title='bbox 960 924 1174 1016; x_wconf 86' lang='lat' dir='ltr'>latentem,</span> 
     </span>
     <span class='ocr_line' id='line_1_7' title="bbox 325 1028 1168 1132; baseline -0.004 -23"><span class='ocrx_word' id='word_1_23' title='bbox 325 1035 437 1109; x_wconf 88' lang='lat' dir='ltr'>Dum</span> <span class='ocrx_word' id='word_1_24' title='bbox 465 1032 595 1108; x_wconf 88' lang='lat' dir='ltr'>feram</span> <span class='ocrx_word' id='word_1_25' title='bbox 625 1038 778 1121; x_wconf 87' lang='lat' dir='ltr'>censet,</span> <span class='ocrx_word' id='word_1_26' title='bbox 808 1030 942 1107; x_wconf 87' lang='lat' dir='ltr'>iaculo</span> <span class='ocrx_word' id='word_1_27' title='bbox 970 1028 1168 1132; x_wconf 79' lang='lat' dir='ltr'>peremit:</span> 
     </span>
    </p>
   </div>
   <div class='ocr_carea' id='block_1_4' title="bbox 326 1135 1143 1322">
    <p class='ocr_par' dir='ltr' id='par_1_6' title="bbox 326 1135 1143 1322">
     <span class='ocr_line' id='line_1_8' title="bbox 326 1135 1143 1240; baseline -0.005 -25"><span class='ocrx_word' id='word_1_28' title='bbox 326 1141 420 1240; x_wconf 91' lang='lat' dir='ltr'>Ipse</span> <span class='ocrx_word' id='word_1_29' title='bbox 451 1140 523 1213; x_wconf 91' lang='lat' dir='ltr'>sed</span> <span class='ocrx_word' id='word_1_30' title='bbox 550 1137 720 1214; x_wconf 88' lang='lat' dir='ltr'>maestis</span> <span class='ocrx_word' id='word_1_31' title='bbox 748 1136 928 1213; x_wconf 81' lang='lat' dir='ltr'>lacrimis</span> <span class='ocrx_word' id='word_1_32' title='bbox 956 1135 1143 1214; x_wconf 89' lang='lat' dir='ltr'>cadentis</span> 
     </span>
     <span class='ocr_line' id='line_1_9' title="bbox 434 1244 756 1322; baseline -0.012 0"><span class='ocrx_word' id='word_1_33' title='bbox 434 1246 616 1322; x_wconf 84' lang='lat' dir='ltr'>Vulnera</span> <span class='ocrx_word' id='word_1_34' title='bbox 643 1244 756 1320; x_wconf 84' lang='lat' dir='ltr'>lavit.</span> 
     </span>
    </p>
   </div>
   <div class='ocr_carea' id='block_1_5' title="bbox 327 1403 1164 1824">
    <p class='ocr_par' dir='ltr' id='par_1_7' title="bbox 328 1403 1145 1503">
     <span class='ocr_line' id='line_1_10' title="bbox 328 1403 1145 1503; baseline 0.001 -24"><span class='ocrx_word' id='word_1_35' title='bbox 328 1404 407 1495; x_wconf 84' lang='lat' dir='ltr'>Qui</span> <span class='ocrx_word' id='word_1_36' title='bbox 436 1429 573 1481; x_wconf 91' lang='lat' dir='ltr'>moras</span> <span class='ocrx_word' id='word_1_37' title='bbox 601 1404 741 1495; x_wconf 88' lang='lat' dir='ltr'>nectit,</span> <span class='ocrx_word' id='word_1_38' title='bbox 770 1403 936 1503; x_wconf 90' lang='lat' dir='ltr'>sapiens</span> <span class='ocrx_word' id='word_1_39' title='bbox 963 1403 1145 1497; x_wconf 85' lang='lat' dir='ltr'>videtur3</span> 
     </span>
    </p>

    <p class='ocr_par' dir='ltr' id='par_1_8' title="bbox 327 1508 1164 1610">
     <span class='ocr_line' id='line_1_11' title="bbox 327 1508 1164 1610; baseline -0.001 -24"><span class='ocrx_word' id='word_1_40' title='bbox 327 1513 457 1587; x_wconf 87' lang='lat' dir='ltr'>Fama</span> <span class='ocrx_word' id='word_1_41' title='bbox 484 1512 683 1587; x_wconf 75' lang='lat' dir='ltr'>mentitur</span> <span class='ocrx_word' id='word_1_42' title='bbox 709 1508 883 1584; x_wconf 93' lang='lat' dir='ltr'>nimium</span> <span class='ocrx_word' id='word_1_43' title='bbox 911 1509 1164 1610; x_wconf 88' lang='lat' dir='ltr'>frequenter:</span> 
     </span>
    </p>

    <p class='ocr_par' dir='ltr' id='par_1_9' title="bbox 327 1617 1049 1824">
     <span class='ocr_line' id='line_1_12' title="bbox 327 1617 1049 1719; baseline 0 -26"><span class='ocrx_word' id='word_1_44' title='bbox 327 1618 474 1719; x_wconf 84' lang='lat' dir='ltr'>Decipi</span> <span class='ocrx_word' id='word_1_45' title='bbox 504 1618 688 1717; x_wconf 91' lang='lat' dir='ltr'>quisquis</span> <span class='ocrx_word' id='word_1_46' title='bbox 717 1617 879 1709; x_wconf 88' lang='lat' dir='ltr'>metuis,</span> <span class='ocrx_word' id='word_1_47' title='bbox 910 1643 1049 1695; x_wconf 90' lang='lat' dir='ltr'>severe</span> 
     </span>
     <span class='ocr_line' id='line_1_13' title="bbox 434 1724 794 1824; baseline 0 -25"><span class='ocrx_word' id='word_1_48' title='bbox 434 1724 602 1824; x_wconf 90' lang='lat' dir='ltr'>Dispice</span> <span class='ocrx_word' id='word_1_49' title='bbox 632 1729 794 1800; x_wconf 88' lang='lat' dir='ltr'>cuncta.</span> 
     </span>
    </p>
   </div>
   <div class='ocr_carea' id='block_1_6' title="bbox 328 1883 1187 2304">
    <p class='ocr_par' dir='ltr' id='par_1_10' title="bbox 328 1883 1139 1985">
     <span class='ocr_line' id='line_1_14' title="bbox 328 1883 1139 1985; baseline -0.001 -24"><span class='ocrx_word' id='word_1_50' title='bbox 328 1886 508 1984; x_wconf 86' lang='lat' dir='ltr'>Tempus</span> <span class='ocrx_word' id='word_1_51' title='bbox 537 1891 750 1985; x_wconf 87' lang='lat' dir='ltr'>exspecta:</span> <span class='ocrx_word' id='word_1_52' title='bbox 779 1909 1000 1984; x_wconf 87' lang='lat' dir='ltr'>properare</span> <span class='ocrx_word' id='word_1_53' title='bbox 1026 1883 1139 1960; x_wconf 89' lang='lat' dir='ltr'>lente</span> 
     </span>
    </p>

    <p class='ocr_par' dir='ltr' id='par_1_11' title="bbox 329 1990 1108 2091">
     <span class='ocr_line' id='line_1_15' title="bbox 329 1990 1108 2091; baseline -0.003 -23"><span class='ocrx_word' id='word_1_54' title='bbox 329 1991 472 2068; x_wconf 88' lang='lat' dir='ltr'>Obfuit</span> <span class='ocrx_word' id='word_1_55' title='bbox 498 2017 738 2091; x_wconf 85' lang='lat' dir='ltr'>numquam.</span> <span class='ocrx_word' id='word_1_56' title='bbox 769 1990 928 2067; x_wconf 89' lang='lat' dir='ltr'>Vitium</span> <span class='ocrx_word' id='word_1_57' title='bbox 955 2015 1108 2088; x_wconf 87' lang='lat' dir='ltr'>negare</span> 
     </span>
    </p>

    <p class='ocr_par' dir='ltr' id='par_1_12' title="bbox 328 2096 1187 2304">
     <span class='ocr_line' id='line_1_16' title="bbox 328 2096 1187 2189; baseline 0.006 -18"><span class='ocrx_word' id='word_1_58' title='bbox 328 2099 404 2174; x_wconf 87' lang='lat' dir='ltr'>Est</span> <span class='ocrx_word' id='word_1_59' title='bbox 430 2098 555 2175; x_wconf 88' lang='lat' dir='ltr'>fidem</span> <span class='ocrx_word' id='word_1_60' title='bbox 584 2097 723 2189; x_wconf 89' lang='lat' dir='ltr'>cuivis,</span> <span class='ocrx_word' id='word_1_61' title='bbox 754 2098 827 2174; x_wconf 91' lang='lat' dir='ltr'>sed</span> <span class='ocrx_word' id='word_1_62' title='bbox 856 2099 1008 2174; x_wconf 90' lang='lat' dir='ltr'>habere</span> <span class='ocrx_word' id='word_1_63' title='bbox 1036 2096 1187 2176; x_wconf 88' lang='lat' dir='ltr'>maius:</span> 
     </span>
     <span class='ocr_line' id='line_1_17' title="bbox 411 2205 715 2304; baseline 0.01 -25"><span class='ocrx_word' id='word_1_64' title='bbox 411 2205 552 2304; x_wconf 72' lang='lat' dir='ltr'>Elige</span> <span class='ocrx_word' id='word_1_65' title='bbox 582 2212 715 2282; x_wconf 88' lang='lat' dir='ltr'>caute.</span> 
     </span>
    </p>
   </div>
   <div class='ocr_carea' id='block_1_7' title="bbox 743 2799 824 2864">
    <p class='ocr_par' dir='ltr' id='par_1_13' title="bbox 743 2799 824 2864">
     <span class='ocr_line' id='line_1_18' title="bbox 743 2799 824 2864; baseline 0.012 -1"><span class='ocrx_word' id='word_1_66' title='bbox 743 2799 824 2864; x_wconf 87' lang='lat' dir='ltr'>XII.</span> 
     </span>
    </p>
   </div>
   <div class='ocr_carea' id='block_1_8' title="bbox 347 3011 1267 3093">
    <p class='ocr_par' dir='ltr' id='par_1_14' title="bbox 347 3011 1267 3093">
     <span class='ocr_line' id='line_1_19' title="bbox 347 3011 1267 3093; baseline 0.001 -2"><span class='ocrx_word' id='word_1_67' title='bbox 347 3013 606 3092; x_wconf 88' lang='lat' dir='ltr'>PRECIBUS</span> <span class='ocrx_word' id='word_1_68' title='bbox 637 3013 898 3092; x_wconf 88' lang='lat' dir='ltr'>CAELITES</span> <span class='ocrx_word' id='word_1_69' title='bbox 927 3011 1267 3093; x_wconf 88' lang='lat' dir='ltr'>ADVOCANDI.</span> 
     </span>
    </p>
   </div>
   <div class='ocr_carea' id='block_1_9' title="bbox 329 3226 1426 3623">
    <p class='ocr_par' dir='ltr' id='par_1_15' title="bbox 329 3226 1426 3518">
     <span class='ocr_line' id='line_1_20' title="bbox 329 3226 1426 3326; baseline -0.004 -25"><span class='ocrx_word' id='word_1_70' title='bbox 329 3227 526 3302; x_wconf 83' lang='lat' dir='ltr'>Mortales</span> <span class='ocrx_word' id='word_1_71' title='bbox 554 3226 704 3317; x_wconf 78' lang='lat' dir='ltr'>miseri,</span> <span class='ocrx_word' id='word_1_72' title='bbox 735 3227 803 3325; x_wconf 92' lang='lat' dir='ltr'>qui</span> <span class='ocrx_word' id='word_1_73' title='bbox 832 3251 1001 3326; x_wconf 90' lang='lat' dir='ltr'>superos</span> <span class='ocrx_word' id='word_1_74' title='bbox 1029 3251 1104 3302; x_wconf 87' lang='lat' dir='ltr'>sua</span> <span class='ocrx_word' id='word_1_75' title='bbox 1309 3243 1361 3298; x_wconf 83' lang='lat' dir='ltr'>fol.</span> <span class='ocrx_word' id='word_1_76' title='bbox 1378 3242 1426 3299; x_wconf 57' lang='lat' dir='ltr'>ur·</span> 
     </span>
     <span class='ocr_line' id='line_1_21' title="bbox 329 3330 1230 3434; baseline 0.002 -26"><span class='ocrx_word' id='word_1_77' title='bbox 329 3334 423 3408; x_wconf 91' lang='lat' dir='ltr'>Non</span> <span class='ocrx_word' id='word_1_78' title='bbox 451 3334 495 3409; x_wconf 94' lang='lat' dir='ltr'>in</span> <span class='ocrx_word' id='word_1_79' title='bbox 523 3339 623 3409; x_wconf 89' lang='lat' dir='ltr'>vota</span> <span class='ocrx_word' id='word_1_80' title='bbox 651 3332 764 3409; x_wconf 89' lang='lat' dir='ltr'>cient</span> <span class='ocrx_word' id='word_1_81' title='bbox 792 3334 957 3410; x_wconf 89' lang='lat' dir='ltr'>assidua</span> <span class='ocrx_word' id='word_1_82' title='bbox 984 3359 1119 3434; x_wconf 85' lang='lat' dir='ltr'>prece,</span> <span class='ocrx_word' id='word_1_83' title='bbox 1224 3330 1230 3341; x_wconf 80' lang='grc'>’</span> 
     </span>
     <span class='ocr_line' id='line_1_22' title="bbox 329 3440 1230 3518; baseline 0.002 -3"><span class='ocrx_word' id='word_1_84' title='bbox 329 3441 422 3516; x_wconf 91' lang='lat' dir='ltr'>Non</span> <span class='ocrx_word' id='word_1_85' title='bbox 451 3440 602 3515; x_wconf 85' lang='lat' dir='ltr'>crebris</span> <span class='ocrx_word' id='word_1_86' title='bbox 630 3440 808 3515; x_wconf 87' lang='lat' dir='ltr'>lacrimis</span> <span class='ocrx_word' id='word_1_87' title='bbox 837 3440 1062 3516; x_wconf 90' lang='lat' dir='ltr'>conciliant</span> <span class='ocrx_word' id='word_1_88' title='bbox 1089 3465 1230 3518; x_wconf 89' lang='lat' dir='ltr'>sacrae</span> 
     </span>
    </p>

    <p class='ocr_par' dir='ltr' id='par_1_16' title="bbox 436 3547 950 3623">
     <span class='ocr_line' id='line_1_23' title="bbox 436 3547 950 3623; baseline 0.002 -2"><span class='ocrx_word' id='word_1_89' title='bbox 436 3549 580 3622; x_wconf 87' lang='lat' dir='ltr'>Fortes</span> <span class='ocrx_word' id='word_1_90' title='bbox 609 3547 780 3623; x_wconf 88' lang='lat' dir='ltr'>militiae</span> <span class='ocrx_word' id='word_1_91' title='bbox 811 3548 950 3623; x_wconf 88' lang='lat' dir='ltr'>duces!</span> 
     </span>
    </p>
   </div>
   <div class='ocr_carea' id='block_1_10' title="bbox 329 3707 1175 4128">
    <p class='ocr_par' dir='ltr' id='par_1_17' title="bbox 331 3707 1159 3808">
     <span class='ocr_line' id='line_1_24' title="bbox 331 3707 1159 3808; baseline 0.001 -26"><span class='ocrx_word' id='word_1_92' title='bbox 331 3707 610 3783; x_wconf 81' lang='lat' dir='ltr'>Circumstant</span> <span class='ocrx_word' id='word_1_93' title='bbox 639 3708 827 3806; x_wconf 90' lang='lat' dir='ltr'>quotiens</span> <span class='ocrx_word' id='word_1_94' title='bbox 857 3707 946 3782; x_wconf 88' lang='lat' dir='ltr'>dira</span> <span class='ocrx_word' id='word_1_95' title='bbox 972 3708 1159 3808; x_wconf 88' lang='lat' dir='ltr'>pericula</span> 
     </span>
    </p>

    <p class='ocr_par' dir='ltr' id='par_1_18' title="bbox 331 3814 1175 3913">
     <span class='ocr_line' id='line_1_25' title="bbox 331 3814 1175 3913; baseline 0.002 -25"><span class='ocrx_word' id='word_1_96' title='bbox 331 3815 425 3890; x_wconf 85' lang='lat' dir='ltr'>Sive</span> <span class='ocrx_word' id='word_1_97' title='bbox 454 3815 594 3888; x_wconf 90' lang='lat' dir='ltr'>hostes</span> <span class='ocrx_word' id='word_1_98' title='bbox 624 3814 815 3913; x_wconf 91' lang='lat' dir='ltr'>quatiunt</span> <span class='ocrx_word' id='word_1_99' title='bbox 842 3814 970 3890; x_wconf 87' lang='lat' dir='ltr'>ariete</span> <span class='ocrx_word' id='word_1_100' title='bbox 1001 3815 1175 3908; x_wconf 86' lang='lat' dir='ltr'>moenia,</span> 
     </span>
    </p>

    <p class='ocr_par' dir='ltr' id='par_1_19' title="bbox 329 3920 1131 4128">
     <span class='ocr_line' id='line_1_26' title="bbox 329 3920 1131 4019; baseline 0 -21"><span class='ocrx_word' id='word_1_101' title='bbox 329 3923 461 4019; x_wconf 87' lang='lat' dir='ltr'>Urget</span> <span class='ocrx_word' id='word_1_102' title='bbox 489 3920 573 3995; x_wconf 88' lang='lat' dir='ltr'>sive</span> <span class='ocrx_word' id='word_1_103' title='bbox 601 3920 742 4009; x_wconf 72' lang='lat' dir='ltr'>fames</span> <span class='ocrx_word' id='word_1_104' title='bbox 772 3922 916 3997; x_wconf 87' lang='lat' dir='ltr'>tabida</span> <span class='ocrx_word' id='word_1_105' title='bbox 945 3947 1017 3996; x_wconf 91' lang='lat' dir='ltr'>seu</span> <span class='ocrx_word' id='word_1_106' title='bbox 1043 3923 1131 3998; x_wconf 92' lang='lat' dir='ltr'>lues</span> 
     </span>
     <span class='ocr_line' id='line_1_27' title="bbox 438 4027 982 4128; baseline 0.002 -25"><span class='ocrx_word' id='word_1_107' title='bbox 438 4027 639 4128; x_wconf 87' lang='lat' dir='ltr'>Corrupto</span> <span class='ocrx_word' id='word_1_108' title='bbox 669 4028 860 4104; x_wconf 89' lang='lat' dir='ltr'>imminet</span> <span class='ocrx_word' id='word_1_109' title='bbox 887 4053 982 4104; x_wconf 90' lang='lat' dir='ltr'>aere</span> 
     </span>
    </p>
   </div>
   <div class='ocr_carea' id='block_1_11' title="bbox 330 4188 1164 4611">
    <p class='ocr_par' dir='ltr' id='par_1_20' title="bbox 331 4188 1159 4265">
     <span class='ocr_line' id='line_1_28' title="bbox 331 4188 1159 4265; baseline 0.002 -2"><span class='ocrx_word' id='word_1_110' title='bbox 331 4188 413 4263; x_wconf 86' lang='lat' dir='ltr'>Seu</span> <span class='ocrx_word' id='word_1_111' title='bbox 440 4188 585 4264; x_wconf 90' lang='lat' dir='ltr'>molles</span> <span class='ocrx_word' id='word_1_112' title='bbox 614 4188 774 4264; x_wconf 90' lang='lat' dir='ltr'>animos</span> <span class='ocrx_word' id='word_1_113' title='bbox 805 4213 855 4263; x_wconf 84' lang='lat' dir='ltr'>ex</span> <span class='ocrx_word' id='word_1_114' title='bbox 883 4190 1017 4265; x_wconf 84' lang='lat' dir='ltr'>Erebo</span> <span class='ocrx_word' id='word_1_115' title='bbox 1046 4189 1159 4265; x_wconf 89' lang='lat' dir='ltr'>furor</span> 
     </span>
    </p>

    <p class='ocr_par' dir='ltr' id='par_1_21' title="bbox 330 4293 1022 4394">
     <span class='ocr_line' id='line_1_29' title="bbox 330 4293 1022 4394; baseline 0.001 -24"><span class='ocrx_word' id='word_1_116' title='bbox 330 4293 467 4370; x_wconf 85' lang='lat' dir='ltr'>Vafris</span> <span class='ocrx_word' id='word_1_117' title='bbox 496 4294 656 4369; x_wconf 89' lang='lat' dir='ltr'>insidiis</span> <span class='ocrx_word' id='word_1_118' title='bbox 686 4295 871 4394; x_wconf 85' lang='lat' dir='ltr'>exagitat</span> <span class='ocrx_word' id='word_1_119' title='bbox 898 4304 1022 4390; x_wconf 89' lang='lat' dir='ltr'>metu,</span> 
     </span>
    </p>

    <p class='ocr_par' dir='ltr' id='par_1_22' title="bbox 330 4400 1164 4611">
     <span class='ocr_line' id='line_1_30' title="bbox 330 4400 1164 4503; baseline 0.002 -27"><span class='ocrx_word' id='word_1_120' title='bbox 330 4400 503 4477; x_wconf 86' lang='lat' dir='ltr'>Aeterni</span> <span class='ocrx_word' id='word_1_121' title='bbox 532 4402 665 4477; x_wconf 91' lang='lat' dir='ltr'>dubiis</span> <span class='ocrx_word' id='word_1_122' title='bbox 694 4428 809 4503; x_wconf 87' lang='lat' dir='ltr'>spem</span> <span class='ocrx_word' id='word_1_123' title='bbox 836 4412 998 4480; x_wconf 89' lang='lat' dir='ltr'>resecat</span> <span class='ocrx_word' id='word_1_124' title='bbox 1024 4403 1164 4481; x_wconf 90' lang='lat' dir='ltr'>throni</span> 
     </span>
     <span class='ocr_line' id='line_1_31' title="bbox 438 4510 1101 4611; baseline 0.005 -28"><span class='ocrx_word' id='word_1_125' title='bbox 438 4510 502 4584; x_wconf 89' lang='lat' dir='ltr'>Ao</span> <span class='ocrx_word' id='word_1_126' title='bbox 530 4510 698 4584; x_wconf 86' lang='lat' dir='ltr'>maestis</span> <span class='ocrx_word' id='word_1_127' title='bbox 728 4511 908 4586; x_wconf 89' lang='lat' dir='ltr'>tenebris</span> <span class='ocrx_word' id='word_1_128' title='bbox 936 4511 1101 4611; x_wconf 89' lang='lat' dir='ltr'>premit:</span> 
     </span>
    </p>
   </div>
   <div class='ocr_carea' id='block_1_12' title="bbox 0 0 1594 5154">
    <p class='ocr_par' dir='ltr' id='par_1_23' title="bbox 0 0 1594 5154">
     <span class='ocr_line' id='line_1_32' title="bbox 0 0 1594 5154; baseline 0 0"><span class='ocrx_word' id='word_1_129' title='bbox 0 0 1594 5154; x_wconf 95' lang='lat' dir='ltr'> </span> 
     </span>
    </p>
   </div>
  </div>
 </body>
</html>
