3164 5154
694 222 910 278 CARMINUM

780 525 822 590 V.

577 742 715 819 LAUS
744 741 856 818 VIRI
885 742 1038 820 IUSTI.

270 955 399 1047 Febr,
431 979 552 1052 quem
580 954 700 1028 niveo
729 959 896 1054 pectore
925 955 1103 1030 eandida
1303 972 1350 1028 fol.
1367 974 1410 1028 44¹·

271 1061 532 1139 Vestimenta
558 1066 718 1160 tegunt,
748 1060 932 1137 laetitiae
961 1063 1053 1136 sinu

272 1168 352 1259 Qui
380 1168 532 1243 blando
562 1167 763 1266 excipitur
791 1192 952 1266 semper
980 1175 1022 1245 et
1049 1169 1265 1268 improbae

377 1274 510 1350 Curae
538 1274 672 1350 nescit
699 1274 935 1373 imaginem.

270 1436 364 1510 Non
391 1435 506 1509 illum
536 1433 748 1509 exanimat
775 1440 893 1509 torva
921 1433 1113 1532 superbia

270 1543 356 1617 Nec
385 1541 515 1616 vincit
541 1540 698 1639 laqueis
728 1540 898 1616 ambitio
927 1540 1028 1614 levis

270 1649 356 1724 Nec
385 1649 533 1723 suadet
558 1646 706 1722 rutilae
734 1646 868 1722 forma
895 1646 1107 1747 pecuniae,

377 1755 475 1832 Veri
503 1760 550 1829 ut
578 1754 741 1829 deserat
769 1754 956 1829 orbitam.
1411 1807 1420 1846 ,

271 1916 393 1989 illum
422 1915 534 1989 haud
553 1914 697 2012 lingua
715 1938 872 2013 procax
891 1922 965 1989 aut
982 1914 1176 2014 petulans
1195 1940 1343 1991 manus

269 2023 399 2097 Recto
430 2047 455 2096 a
483 2020 666 2096 iustitiae
694 2021 860 2095 tramite
890 2020 1081 2112 dimovet,

270 2129 364 2203 Non
392 2128 477 2202 irae
506 2153 732 2226 procerum,
762 2128 899 2226 regius
928 2133 1001 2202 aut
1028 2134 1164 2203 tumor

377 2235 455 2312 Vel
484 2260 630 2310 caecus
659 2234 832 2311 Veneris
860 2259 973 2335 puer.

268 2394 476 2469 Mandatis
505 2393 673 2471 Domini
702 2420 744 2468 se
773 2393 936 2469 assiduo
965 2393 1109 2484 libem,

271 2502 416 2576 Donec
443 2501 531 2577 fata
559 2500 706 2592 sinent,
738 2500 934 2599 obsequio
964 2500 1085 2592 dicat,

272 2608 387 2683 Caeli
416 2609 595 2683 sollicita
621 2614 761 2683 mente
790 2608 1000 2683 revolvere

376 2715 511 2813 Leges
540 2721 740 2814 perpetuo
769 2714 895 2789 iuvat.

270 2874 399 2949 Ducit
427 2874 606 2949 sidereas
636 2873 817 2972 Cynthia
846 2874 944 2947 dum
971 2871 1095 2964 facee,

271 2981 343 3056 Sel
372 2980 491 3057 claris
520 2980 645 3055 radiis
674 2981 771 3055 dum
799 2979 959 3055 revehit
987 2980 1108 3072 diem,

270 3087 446 3162 Ardenti
474 3088 622 3180 studio,
653 3087 751 3185 quid
779 3087 920 3162 iubeat
949 3087 1060 3179 dene,

379 3193 561 3286 Quaerit,
593 3194 691 3293 quid
718 3194 809 3269 fieri
836 3193 948 3269 velit.

271 3353 381 3428 Hinc
411 3356 532 3428 arbor
559 3353 686 3428 veluti
715 3353 875 3428 consita
903 3353 1084 3428 fluminis

270 3457 338 3534 Ad
366 3460 476 3561 ripas
505 3460 626 3534 viridi
654 3460 840 3559 germine
867 3460 1014 3535 florida

270 3566 412 3643 Laetis
441 3567 691 3666 conspicitur
720 3567 896 3665 denique
924 3567 1123 3643 fructibus

376 3675 431 3749 Et
457 3673 636 3750 fecunda
664 3674 791 3750 oculis
820 3676 970 3774 placet.

271 3832 402 3908 Donis
431 3833 518 3932 ipse
548 3833 673 3910 etiam
701 3835 886 3934 pluribus
915 3834 1081 3926 eminet,

273 3939 373 4029 Quis
401 3941 596 4040 prodesse
625 3942 730 4016 solet
758 3942 938 4017 suaviter
966 3949 1090 4040 atque
1119 3966 1241 4040 opem

271 4046 477 4123 Praebere
506 4047 712 4148 ambiguis
741 4051 862 4124 rebus
892 4055 934 4123 et
962 4049 1075 4123 exitu

376 4153 515 4228 Finire
544 4155 683 4230 omnia
710 4181 918 4256 prospere.

726 4494 885 4502 ———.
