3164 5154
459 249 533 304 LIB.
554 247 604 302 VL
623 248 738 304 33-35.

176 451 379 548 Corrupta
408 448 515 523 sicut
541 447 724 547 nympha
752 446 891 521 studet
918 448 1110 545 probrum

177 558 333 645 Celare,
363 581 414 630 ne
444 554 527 630 fors
557 553 789 653 conspicias
819 578 920 627 onus

229 664 395 739 Ventris
422 661 643 738 tumentis:
674 661 732 735 sic
761 660 921 760 cupido,

282 770 499 846 Deteriora
525 770 664 858 latere,
694 774 844 843 nostra.

176 933 237 1007 At
264 930 466 1031 numquid
496 928 594 1004 olim
621 926 804 1028 proferet
833 927 877 1000 in
906 925 1016 1001 diem

178 1041 231 1114 Et
259 1037 362 1112 lucis
392 1062 520 1126 amas,
550 1059 655 1136 quae
683 1034 865 1109 tenebris
894 1033 1041 1122 iacent,

232 1144 377 1219 Antris
407 1151 449 1219 et
478 1142 660 1218 obscuris
690 1140 862 1241 sepulta,

284 1250 435 1325 Nubila
464 1250 524 1325 sol
551 1272 767 1323 removens
797 1255 839 1322 et
867 1247 1065 1321 umbras?
1204 1297 1230 1334 20

528 1765 679 1831 XXXV.

377 1965 603 2043 AMBlTlO
633 1964 831 2042 NOCET.

183 2162 327 2237 Fallax
355 2159 503 2259 cupido
533 2159 735 2250 culminia,
765 2159 942 2235 ambitus
1076 2171 1219 2228 f01.130⁸'·

183 2271 397 2358 Funestus‚
426 2269 510 2342 alto
541 2267 610 2365 qui
638 2267 810 2341 nimium
839 2267 969 2364 gradu

237 2374 380 2450 Poscit
405 2374 544 2464 videri,
573 2399 688 2448 crure
715 2373 844 2448 fracto

289 2481 505 2557 Proximus
534 2480 706 2580 ancipiti
734 2480 887 2555 ruinae.

184 2641 329 2733 Testis,
361 2641 537 2740 superba
565 2640 633 2738 qui
660 2639 796 2714 tenuit
816 2664 948 2728 ,manu

184 2750 341 2848 Regale
372 2753 600 2846 sceptrum:
631 2772 783 2846 ponere
814 2771 1031 2845 purpuram

236 2856 375 2953 Nuper
403 2861 569 2929 coactus
597 2879 706 2927 nunc
734 2859 907 2952 paterna

290 2963 328 3036 A
357 2961 526 3060 regione
554 2962 698 3060 procul
724 2967 908 3059 vagatur.

187 3121 307 3198 Alter
334 3122 491 3196 minore
520 3146 688 3196 munere
718 3120 876 3196 distulit

187 3230 361 3329 Migrare
391 3228 534 3319 iussae,
565 3230 662 3302 dum
691 3228 837 3302 validis
865 3228 1001 3301 locum

240 3337 289 3410 In
317 3335 536 3435 pristinum
565 3336 619 3410 sit
645 3336 858 3410 restitutus

292 3442 495 3518 Pollicitis
525 3443 794 3541 precibusque
823 3441 969 3517 fratris.

184 3603 265 3677 Pro
293 3602 365 3676 vili
392 3601 561 3676 honoris
588 3602 727 3676 taedia
754 3608 819 3675 tot
846 3602 932 3700 pati

188 3708 289 3799 Quis
318 3710 450 3808 possit
477 3711 632 3800 umbra,
663 3709 829 3783 seruitio
858 3709 1020 3809 premi?

241 3816 398 3890 Sudore
428 3817 517 3915 quis
547 3816 605 3889 sic
635 3815 847 3905 allaboret,

293 3924 351 3999 Ut
378 3924 543 4022 placeat
571 3923 737 3997 domino
768 3924 970 3997 scelesto?

187 4082 254 4156 An
283 4083 532 4182 dignitatum
562 4083 669 4157 tanti
699 4082 838 4181 apices
866 4080 978 4157 furor

188 4190 341 4264 Censet
367 4190 575 4289 profanus
607 4190 779 4263 olimina
807 4190 986 4264 maxima

244 4297 300 4373 Ut
327 4305 475 4395 patret,
508 4297 644 4371 audax
674 4297 853 4371 eminere

294 4403 357 4478 Ac
388 4405 510 4479 solito
542 4403 662 4477 citius
690 4404 853 4502 perire?

538 4672 693 4680 ——n
