3164 5154
471 233 546 290 LIB.
563 233 618 289 ΠΙ.
636 235 751 290 25-27.

187 434 255 509 Me
283 433 405 533 plebe
432 432 562 508 virtus
591 432 744 509 eximat
773 439 815 509 et
841 434 955 526 fides,

189 541 454 617 Transcribet
480 541 651 616 heroum
679 540 813 641 pietas
842 542 984 617 choro:

239 650 333 723 Non
361 647 473 723 dicta
498 654 673 746 possunt
699 647 910 723 innocenti
939 655 1011 724 eut

293 753 575 855 improbitatis
605 757 748 831 obesse
776 755 897 831 virus.

530 1375 680 1441 XXVII.

304 1629 454 1707 nous
483 1629 683 1732 us1Qos
709 1629 908 1708 seusu.

183 1842 388 1942 Angimur
415 1842 531 1917 vanis
558 1842 746 1919 homines
774 1843 938 1919 miselli!
1099 1859 1147 1915 fol.
1167 1859 1220 1916 97τ4

183 1949 309 2027 Astra
335 1950 545 2050 pulsamus
573 1949 731 2050 gemitu
758 1949 973 2052 frequenti,

183 2059 241 2136 Ut
266 2058 410 2157 procul
436 2057 556 2133 nobis
583 2056 770 2133 nocitura
796 2060 965 2158 pellant,

287 2165 491 2264 Prospera
517 2163 697 2240 mittant.

182 2325 262 2400 Hic
290 2325 411 2400 timet
437 2332 612 2401 mortem
641 2326 789 2424 pelago
819 2324 964 2415 subire,

182 2432 394 2508 Fluctibus
422 2432 553 2530 mergi
580 2433 761 2531 trepidet
788 2432 956 2506 marinis

182 2540 235 2614 Et
260 2545 392 2638 roget,
422 2546 556 2614 terree
586 2539 742 2638 gremio
771 2539 985 2639 quiescent

287 2645 468 2722 Molliter
496 2671 599 2722 ossa.

182 2805 256 2880 Ille
286 2807 357 2881 sed
386 2812 530 2882 contra
557 2805 742 2906 posuisse
770 2805 898 2880 vitam

182 2911 288 2988 Solis
319 2921 490 3013 exoptat
516 2913 671 3013 liquido
701 2913 844 2989 cubili:

180 3020 365 3095 Monstra
392 3045 476 3094 non
503 3021 619 3111 vitet,
648 3020 736 3095 fieri
763 3046 841 3096 nec
868 3021 1009 3095 horret

287 3127 477 3202 Piscibus
507 3153 612 3203 esce.

178 3287 286 3362 Ense
314 3286 509 3364 formidat
536 3295 661 3388 caput
687 3289 755 3364 hic
782 3288 920 3379 recidi,

179 3395 372 3492 Degener
399 3396 507 3470 lecto
538 3397 652 3496 cupit
680 3399 903 3471 occubere:

180 3500 346 3576 Gaudet
373 3510 418 3577 at
444 3502 572 3577 letum
602 3528 822 3603 properare
850 3503 956 3579 ferro

285 3609 436 3684 Martie
462 3611 609 3709 proles.

178 3767 288 3842 Dum
318 3769 394 3844 deo
423 3795 557 3844 mores
585 3769 738 3845 fuerint
764 3770 939 3870 probati,

178 3876 307 3949 Fama-
335 3877 432 3950 dum
461 3883 633 3967 constet,
663 3877 766 3951 nihil
795 3878 1009 3953 allabores:

175 3983 250 4057 Est
276 3981 397 4067 idem,
429 3984 538 4082 quod
567 3985 712 4083 pendit
729 3984 807 4059 iter
825 3984 1027 4082 nigrantis

280 4089 443 4164 Limina
472 4091 593 4189 regis.

521 4413 679 4420 ———
