3164 5154
710 236 914 293 SILVARUM

778 452 842 518 111.

435 614 617 692 MUSAE
645 614 747 692 PER
776 614 961 692 ORBEM
989 614 1188 694 VAGAE.

378 776 537 852 Dootas
564 775 713 851 virenti
741 775 926 851 Pierides
952 775 1050 875 iugo
1287 793 1333 848 fol.
1351 795 1397 850 ut

381 883 537 959 Sudore
564 890 681 960 vates
711 882 944 984 quaerimus
972 883 1100 977 irrito,

433 991 604 1066 Frustra
631 990 857 1066 salutamus
886 991 1081 1090 loquaces

486 1099 540 1174 Et
567 1096 751 1199 plaoidas
780 1098 869 1172 sine
896 1097 969 1173 lite
996 1098 1198 1200 lpmphas.

378 1258 546 1332 Dudum
575 1282 772 1333 canorum
800 1257 1054 1358 Thespiades
1082 1283 1230 1334 nemus

379 1365 554 1465 Liquere
582 1371 781 1441 maestae:
811 1372 927 1440 torvo
956 1364 1027 1440 ubi
1055 1365 1235 1442 Thracia

434 1471 592 1570 Stragis
621 1478 816 1547 eruentae
843 1473 942 1548 luna
968 1472 1085 1548 vultu

487 1578 616 1678 Signa
645 1578 769 1671 dedit,
799 1579 981 1680 trepidas
1008 1585 1176 1656 vetusta

378 1739 533 1838 Exegit
560 1743 670 1813 artes
697 1737 894 1815 Phooide.
925 1737 994 1813 Ad
1022 1739 1190 1816 ultimos

379 1847 480 1922 Illae
508 1846 741 1937 Britannos,
769 1846 994 1922 Pannonas
1023 1853 1066 1921 et
1095 1845 1224 1923 Getas

433 1953 683 2052 Septemque
712 1953 919 2029 subiectos
949 1952 1092 2028 Trioni

484 2059 554 2134 Ad
580 2060 772 2154 Batavos,
801 2059 995 2152 Morinos,
1026 2059 1180 2137 Sueoos

380 2219 522 2295 Solum
551 2220 739 2295 dolentes
766 2227 926 2295 vertere
954 2219 1135 2319 patrium

379 2328 549 2423 Fugere.
579 2326 742 2403 Nomen
768 2326 860 2403 fons
887 2325 1202 2428 Aganippidum

431 2434 560 2509 Inane
588 2439 768 2508 tantum:
800 2434 956 2524 Cirrha,
985 2433 1143 2509 Pindus

486 2540 667 2632 Somnia,
699 2541 878 2640 Pegasei
905 2540 1016 2616 unda
1043 2541 1132 2616 rivi.

378 2701 529 2777 Errant
555 2724 629 2800 per
657 2703 810 2776 orbem.
840 2702 1048 2776 Teutones
1077 2701 1249 2778 aedibus

377 2809 431 2882 Et
459 2807 655 2883 Celtiberi
684 2807 911 2908 suscipiunt
938 2833 1085 2907 vagas:

432 2915 485 2987 Et
512 2920 624 2989 tecta
653 2914 875 3014 dignantur
902 2915 1049 3008 subire,

485 3020 590 3095 Cum
617 3021 778 3121 tepidos
806 3022 890 3098 ciet
916 3022 1070 3097 Auster
1097 3022 1262 3098 imbres.
1400 3071 1420 3109 ,1

377 3181 487 3256 Hino
515 3184 638 3256 turba
664 3188 818 3256 vatum:
846 3183 917 3257 fila
943 3181 1138 3258 videlieet

377 3287 540 3386 Arguta
569 3289 726 3363 donant
752 3289 983 3389 hospitibus
1011 3289 1124 3388 lyrae

433 3395 608 3471 Dirosve
636 3395 795 3470 iambos
825 3403 897 3471 aut
924 3397 1119 3472 decentes

484 3503 588 3578 Cum
616 3502 796 3577 lacrimis
826 3505 965 3602 elegos
992 3504 1237 3604 rependunt.
1396 3552 1417 3592 e

763 3890 822 3955 IV.

162 4033 236 4109 AD
277 4030 621 4109 CLEOBULUM:
678 4033 970 4112 FORTUNAE
1003 4035 1121 4113 NON
1149 4032 1424 4115 FIDENDUM.

377 4193 484 4268 Orbe
515 4194 715 4285 consistis,
749 4194 958 4287 Cleobule,
990 4194 1097 4272 eelso
1299 4211 1405 4268 111191

378 4299 508 4375 Sertis
538 4301 743 4376 ardentis:
774 4302 951 4401 populus
980 4310 1145 4378 veretur

375 4408 429 4482 Et
456 4433 565 4506 genu
595 4434 719 4483 curvo
748 4433 939 4508 proceres
968 4409 1148 4485 amioum

484 4514 609 4612 Regis
638 4515 825 4591 adorant.
