3164 5154
548 231 622 287 LIB.
641 231 681 287 Π.
699 232 816 290 13-15.

213 430 281 506 Sic
311 429 435 530 erigis
463 437 517 522 te,
547 432 741 508 tristitiae
769 433 938 507 modum

211 539 312 613 Acri
341 544 384 613 et
412 538 543 613 dolori
570 563 723 638 ponere
752 540 954 639 pertinax.

263 645 484 721 Praeclara
512 645 640 721 virtus
668 646 763 729 istm·
793 647 928 738 laudo,

315 752 443 826 Miror
471 759 514 827 et
541 752 698 852 ingenii
726 753 922 850 vigorem.

209 912 303 986 Non
332 937 505 1010 quercus
533 911 620 988 ictu
650 912 834 989 concidit
861 914 984 989 unico

210 1018 367 1094 Saevae
397 1019 561 1111 securis,
591 1019 775 1119 pluribus
805 1027 868 1096 est
895 1045 1016 1121 opus:

262 1126 475 1201 Aerumna
502 1126 537 1201 si
564 1133 710 1224 pectus
738 1126 890 1226 fatigat

314 1234 407 1311 Una
434 1239 563 1325 tuum,
593 1233 827 1309 exanimare
856 1233 999 1310 nescit.

210 1392 326 1467 Haeo
355 1400 474 1492 grata
501 1393 633 1468 nobis,
664 1393 845 1494 Corpore
875 1393 1028 1485 deficis

207 1498 428 1575 Praeclara
455 1524 571 1575 mens
600 1506 663 1575 est
690 1500 843 1576 viribus
870 1501 1059 1600 integris3

261 1605 389 1681 Artus
417 1606 517 1682 licet
545 1611 711 1684 morbus
739 1608 928 1700 lacessat,

312 1715 406 1788 Non
434 1713 618 1789 animum
646 1721 862 1814 penetrare
891 1714 1018 1790 novit.

207 1872 291 1947 Ah!
322 1898 448 1974 perge
477 1899 607 1973 pono.
636 1875 739 1949 Pars
767 1875 914 1950 melior
942 1875 1003 1950 tui

208 1980 379 2081 Semper
407 1982 582 2057 colenda
611 1988 684 2074 est,
716 1982 894 2057 deterior
921 1982 1059 2058 cadat:

261 2087 328 2163 Sic
359 2095 471 2163 certa
499 2113 655 2164 merces
684 2089 946 2189 sempiterna,

312 2194 507 2295 Perpetui
536 2196 623 2271 sine
652 2199 761 2272 nube
791 2197 909 2272 soles

643 2726 720 2790 XV.

171 2923 283 2998 vrrrr
313 2919 674 3015 cousrnnrrs,
704 2924 777 3002 ur
805 2923 926 3002 Furr
956 2922 1206 3003 seuerus

450 3047 739 3145 cuoncrus
769 3049 918 3126 mus,

206 3225 336 3316 Quem
365 3249 461 3299 vera
489 3224 617 3299 virtus
647 3225 689 3299 in
717 3226 874 3324 gremio
903 3224 1026 3317 fovet,
1179 3239 1229 3295 for.
1248 3240 1301 3295 24³·

205 3330 380 3406 Astraea
409 3330 519 3406 dulci
547 3332 680 3407 nutrit
708 3340 749 3408 et
776 3336 911 3417 ubere,

258 3439 352 3513 Non
380 3443 508 3513 terret
536 3439 728 3514 instantis
757 3438 923 3537 tyranni

310 3544 460 3621 Vultus
490 3551 532 3619 et
560 3545 783 3621 immodico
813 3544 949 3620 surore

203 3704 360 3780 Fatalis
389 3711 541 3778 aestus:
572 3730 657 3779 non
685 3705 795 3780 acies
823 3706 909 3780 fero

203 3812 400 3885 Mucrone
428 3817 593 3886 tentans
622 3812 803 3910 pectoris
832 3811 982 3895 abdita,

257 3918 350 3992 Non
379 3917 464 3992 ulla
491 3917 680 3992 fortunae
709 3918 883 3995 minacis

311 4022 507 4099 Concutit
535 4050 634 4099 aura
662 4032 884 4125 movetque
913 4026 1018 4100 sede.

203 4182 296 4257 Non
325 4184 420 4258 aula
448 4184 578 4260 laedit
605 4185 692 4260 rita
719 4210 796 4260 nec
825 4185 1014 4286 improba

203 4290 330 4388 Regis
360 4292 519 4366 cruenti
547 4317 624 4366 nec
652 4317 868 4391 procerum
899 4292 1024 4384 calor,

256 4398 349 4472 Non
378 4397 438 4472 ira
465 4399 597 4498 plebis
628 4399 883 4474 contumacis

309 4504 448 4580 Deicit
477 4512 548 4581 aut
576 4506 749 4581 retrahit
775 4508 978 4605 voluptas,
