3218 5144
711 237 910 293 SILVARUM

788 453 846 516 iv.

375 617 577 692 FALSAE
605 615 930 692 MORTALIUM
959 615 1254 715 QUERELAE.

387 776 526 850 Turba
553 774 739 849 mortalis
769 774 952 873 queritur
979 773 1227 873 frequenter,
1293 788 1342 842 fol.
1362 791 1414 841 ur

389 882 509 970 Quod
536 881 650 955 brevi
679 881 767 956 vita
793 880 968 954 nimium
997 880 1191 971 fruamur,

389 989 509 1076 Quod
538 988 667 1085 gradu
696 987 826 1062 nostri
855 995 1050 1086 properet
1079 989 1206 1062 citato

494 1093 711 1167 Terminus
739 1094 842 1168 aevi.

388 1253 634 1343 Quindecim
663 1252 802 1326 lustris
831 1259 902 1327 tua
931 1252 1059 1328 currit
1086 1263 1201 1328 aetas

388 1361 475 1434 Aut
501 1384 651 1434 novem
680 1366 753 1433 aut
780 1369 937 1456 septem
966 1359 1128 1459 potiore
1157 1384 1276 1458 gyro:

387 1468 478 1541 Non
505 1465 604 1540 licet
631 1490 785 1539 numen
812 1467 1004 1565 precibus
1032 1490 1183 1541 vocare

492 1572 542 1647 In
571 1579 643 1646 tua
671 1574 797 1647 vota?

387 1734 478 1808 Non
506 1739 626 1830 potes
654 1730 798 1805 Martis
828 1731 1035 1806 celebrare
1062 1734 1197 1819 robur,

386 1839 569 1913 Palladis
599 1845 738 1913 castae
767 1862 984 1912 numerare
1014 1839 1141 1922 dotes,

388 1944 587 2019 Graeciae
615 1944 774 2042 palma-s
804 1969 1032 2019 memorare
1062 1953 1187 2019 cantu

491 2052 628 2126 Xerxe
656 2049 848 2150 repulso?

386 2210 566 2310 Tempus
596 2235 650 2285 an
678 2210 780 2284 defit
808 2235 927 2285 sacra
953 2209 1162 2302 moliendi,

385 2318 492 2391 'Pure
520 2315 681 2392 fumoso
711 2317 879 2416 Superis
907 2317 1067 2407 litandi,

386 2423 558 2498 Summa
586 2422 773 2498 fortassis
802 2429 989 2498 veterum
1018 2423 1185 2522 legendi

493 2531 623 2606 Gesta
649 2531 857 2605 virorum?

385 2691 499 2764 Hora
526 2691 737 2788 praeclare
765 2689 865 2763 satis
894 2696 958 2764 est
984 2689 1136 2788 agenti,

386 2795 548 2871 Sufficit
574 2796 733 2871 nullum
761 2796 942 2896 spatium
969 2795 1155 2885 remisso;

384 2903 555 3001 Semper
582 2902 756 3001 ignavus
785 2927 857 2977 sua
885 2901 972 2976 fata
1001 2903 1155 2977 differt:

494 3011 621 3083 Plura
648 3016 872 3083 morantur.

731 3224 890 3231 -—-—-----

791 3359 831 3425 V.

440 3520 657 3597 IUVENIS
686 3521 859 3598 MORTI
887 3516 1177 3598 PROXIMUS.

382 3676 563 3763 ‚Avocor
589 3680 708 3753 terris
738 3688 883 3755 tenera
909 3680 1079 3755 iuventa
1284 3695 1328 3748 fol.
1347 3681 1402 3744 rw

382 3784 564 3876 Nescius,
597 3810 678 3883 qua
707 3786 784 3860 sim
813 3786 994 3884 regionis
1024 3810 1096 3861 ora

381 3892 531 3965 Nostra
558 3892 720 3984 fixurus,
750 3892 905 3991 Stygiis
935 3895 1009 3966 sub
1039 3893 1193 3966 umbris

488 3998 635 4072 Castra
662 3999 728 4072 vel
757 3999 887 4074 astris,

381 4157 560 4254 obsequi
593 4183 719 4256 cogor
746 4158 937 4244 Domino,
968 4159 1040 4232 sed
1070 4166 1211 4257 optem

380 4263 570 4336 Pluribus
603 4264 823 4338 virtutibus
853 4290 941 4339 esse
971 4272 1125 4363 gratim,

379 4370 439 4443 Ne
468 4370 590 4443 nimis
619 4372 752 4444 nudus
780 4372 923 4445 videar
952 4373 1017 4445 vel
1046 4396 1140 4446 aere

485 4477 656 4550 Dirutus
687 4479 809 4552 omni.
