3164 5154
708 226 913 283 SILVARUM
930 264 934 271 .

721 528 891 594 XXVIII.

272 747 381 823 PAX
409 745 665 824 OPTATUR
693 743 938 836 SINCERA,
967 743 1085 822 NON
1114 742 1334 822 DOLOSA.

221 959 364 1036 Mundi
391 960 511 1034 firma
539 959 658 1050 salua,
688 964 848 1048 terram,
875 957 966 1031 Pax
994 957 1116 1050 alma,
1136 957 1272 1033 beatis
1297 972 1397 1026 soltr-
1456 1032 1459 1073 1

327 1065 499 1142 Deliciis
528 1089 633 1163 quae
662 1064 820 1164 spargis
850 1063 1027 1164 Olympi,

223 1175 306 1251 Cur
331 1174 488 1248 laetum
515 1173 653 1247 vultus
682 1171 824 1247 condit
850 1171 976 1247 decus
1004 1172 1146 1248 invida
1172 1174 1310 1263 nubea,

327 1279 455 1355 Bellis
482 1303 559 1354 nos
588 1278 762 1354 involvit
790 1278 972 1354 acerbis?
1402 1331 1412 1367 ⁴

224 1388 372 1464 Cincta
399 1387 594 1485 Megaera
622 1392 748 1484 caput
774 1384 903 1484 nigris
931 1384 1190 1485 serpentibus
1220 1408 1338 1485 agros

329 1494 379 1567 In
406 1500 570 1569 nostros
597 1491 720 1568 letale
748 1516 954 1567 venenum

223 1600 443 1676 Diffundit:
475 1601 613 1675 lacero
642 1605 846 1674 maestum
876 1597 1100 1674 Germania
1128 1598 1242 1674 crine

329 1706 512 1806 Ingemit
540 1712 583 1782 et
610 1731 684 1781 sua
710 1704 854 1781 funera
882 1705 1016 1781 deflet.

224 1815 419 1891 Audaces
447 1838 522 1912 per
548 1812 673 1912 plana
700 1819 835 1904 ruunt,
865 1837 939 1912 per
967 1817 1010 1888 et
1036 1835 1183 1911 aspera
1210 1817 1375 1896 turmae,

332 1920 478 1996 Castra
504 1920 647 1994 locant
673 1920 716 1993 in
744 1920 865 1995 litore
893 1918 1039 1994 Rheni.

224 2028 402 2118 Moenia,
433 2051 537 2125 quae
567 2026 775 2125 quondam
804 2025 1006 2101 fulserunt
1032 2026 1213 2101 turribus
1242 2025 1346 2115 altis,

331 2134 450 2208 Nunc
479 2133 645 2233 propria
673 2139 769 2209 sunt
796 2133 914 2209 clade
942 2132 1113 2233 sepulta.
1402 2181 1422 2220 u

225 2240 400 2318 Hostilis
429 2239 563 2314 rabies
591 2239 698 2315 ferro
728 2240 825 2314 dum
854 2239 985 2314 saevit
1013 2245 1056 2314 et
1082 2239 1192 2338 igne,

332 2347 489 2422 Iniusto
519 2349 640 2423 urbes
667 2348 801 2421 Marte
830 2353 1075 2421 cremantur.

225 2455 414 2552 Europae
445 2454 613 2544 domini,
645 2453 739 2528 dum
769 2478 841 2528 vos
871 2452 1076 2528 discordia
1104 2458 1213 2528 tetra

331 2560 536 2658 Exagitat
564 2585 648 2636 non
677 2560 829 2635 damna
856 2559 1015 2648 videtis,
1406 2606 1425 2646 u

226 2668 319 2742 Non
348 2668 510 2742 crebras
540 2667 698 2757 caedes,
729 2691 829 2767 quas
859 2667 947 2742 orbi
974 2665 1131 2766 perfida
1160 2665 1305 2741 dextra

333 2774 496 2872 Regum
524 2771 668 2866 adfert,
697 2799 781 2848 non
808 2773 978 2848 vulnera
1006 2772 1149 2848 caeci?

225 2881 394 2970 Fallaci
426 2906 548 2979 quem
577 2882 722 2956 ductor
749 2880 849 2979 agit,
878 2880 1056 2978 gaudete
1084 2878 1309 2976 triumphe,

332 2985 508 3062 Seruitio
538 2987 610 3061 sed
639 2988 745 3063 colla
771 2993 925 3087 parate.
979 3025 981 3028 ⁴
1405 3033 1425 3072 a

226 3093 403 3169 Thracia
431 3093 587 3192 templa
614 3094 750 3169 nitent
777 3092 917 3192 spoliis
946 3098 1070 3192 atque
1098 3089 1244 3166 Africa
1271 3113 1394 3191 regna

333 3199 623 3292 Christiadum,
654 3224 725 3275 vos
756 3200 918 3276 Gallica
946 3206 1108 3299 sceptra

226 3308 336 3382 Dum
367 3306 514 3398 colitis,
545 3306 635 3407 quis
667 3306 830 3406 Odrysii
858 3315 953 3382 sunt
979 3304 1143 3381 foedere
1172 3305 1269 3381 nexi
1297 3311 1339 3380 et

331 3412 524 3489 Nondum
552 3414 699 3513 plenae
729 3439 882 3489 cornua
909 3415 1063 3489 Lunae.

226 3521 315 3595 Ah!
344 3527 497 3620 pereat,
528 3520 773 3620 quicumque
801 3521 926 3596 fidem
955 3543 1116 3595 servare
1143 3517 1329 3616 tyrannis

332 3628 387 3702 Et
412 3627 549 3727 potuit
578 3627 712 3703 delere
740 3626 1011 3728 propinquos!

230 3733 416 3809 Candida
443 3733 533 3809 Pax
560 3734 703 3808 redeas
731 3760 817 3810 non
844 3734 1025 3809 mendax
1054 3758 1124 3810 ore
1153 3732 1307 3819 dolose,

334 3841 393 3919 Ut
421 3841 585 3939 decepit
613 3841 786 3941 Belgica
812 3866 953 3941 nuper.
1400 3884 1421 3923 a

229 3946 348 4038 Quod
377 3945 410 4021 si
441 3946 620 4023 difficilis
649 3947 785 4038 fueris,
817 3955 974 4024 certare
1003 3946 1172 4037 iuvabit,

334 4054 426 4129 Non
454 4055 640 4154 specioso
669 4056 836 4132 nomine
864 4054 962 4130 falli.
