3164 5154
773 550 835 617 VI„

397 765 547 844 MORS
574 762 948 843 PECCATORUM
975 763 1222 842 Pessum

324 980 379 1054 Es
407 977 524 1054 fortis
552 978 686 1052 heros:
713 1000 799 1051 non
826 974 977 1052 metuis
1005 976 1112 1052 mori
1300 991 1351 1047 fol
1366 993 1415 1049 89²·

325 1086 412 1161 Nec
440 1085 528 1160 fata
555 1089 721 1175 terrent,
748 1082 937 1175 Pontice,
967 1107 1061 1158 cum
1088 1081 1326 1175 imminent,

379 1192 609 1268 Commune
636 1195 810 1265 naturae
838 1189 1040 1264 tributum

433 1297 614 1390 Solvere,
645 1296 808 1394 quando
837 1301 964 1396 petet,
994 1301 1176 1396 paratus.

325 1458 514 1533 Laudare
543 1456 802 1556 praeclarum
831 1456 941 1531 huno
969 1455 1155 1532 animum
1183 1456 1313 1551 iuvet,

325 1563 378 1640 Ni
405 1564 492 1638 vita
520 1562 647 1637 fallax
676 1562 836 1638 actibus
865 1564 1038 1638 abnuat:

378 1670 583 1744 Excludat
609 1668 729 1744 astris
757 1675 881 1768 atque
911 1668 1076 1769 Olympi

433 1775 613 1852 Conscia
639 1800 756 1851 mens
783 1782 1001 1875 penetrare
1029 1775 1162 1852 celsas

325 1933 504 2010 Abiuret
531 1960 658 2011 arces.
687 1936 848 2011 Excute
876 1934 1056 2036 pectoris

327 2042 482 2118 Caecas
510 2042 703 2119 latebras:
730 2040 915 2118 invenies
943 2043 1075 2116 lutum

381 2147 610 2247 Sordeeque
639 2173 782 2225 sensus
810 2148 1034 2247 pertinacis

432 2254 486 2329 Et
511 2254 650 2355 pelagi
678 2253 892 2331 instabiles
920 2255 1109 2330 harenas.

326 2413 432 2488 Nam
462 2439 540 2513 quo
569 2411 711 2488 fereris
739 2419 836 2513 post
863 2413 1033 2489 miseras
1061 2412 1175 2490 vices

326 2519 617 2596 Mortalitatis?
646 2520 736 2618 quis
766 2519 905 2621 capiet
931 2521 1075 2597 locus?

382 2625 561 2725 Cocytus
589 2651 644 2702 an
670 2651 756 2702 non
783 2633 826 2702 te
853 2625 1044 2703 frementi

433 2732 590 2809 Abluet
617 2758 666 2807 ac
694 2733 958 2833 Phlegethon
985 2733 1193 2834 procella?

327 2890 494 2967 Virtute
521 2892 678 2966 nudum
706 2892 849 2968 navita
875 2893 1116 2969 transvehet

328 2996 425 3073 Orci
454 2998 507 3073 ad
533 3001 737 3090 tenebras,
767 2999 977 3100 perpetuis
1004 3000 1077 3076 ubi

380 3104 607 3204 Torquebit
633 3104 799 3182 Allecto
827 3105 1002 3205 flagellis

434 3211 645 3287 Nobilium
674 3213 872 3287 scelerum
901 3212 1113 3288 revictum.

767 3757 845 3823 Vn.

455 3969 655 4050 VIRTUS
685 3972 824 4051 SOLA
851 3973 1153 4052 PERDURAT.

320 4182 440 4258 Ostro
469 4178 581 4256 frons
611 4186 734 4283 Tyrio
765 4211 870 4286 quae
897 4190 1018 4264 rubet
1046 4193 1088 4263 et
1116 4212 1237 4266 rosae
1306 4202 1357 4258 for
1373 4202 1421 4258 tt·

319 4287 411 4364 Oris
439 4313 678 4388 purpureae,
710 4319 810 4393 quas
840 4319 956 4370 amor
984 4293 1191 4388 aestimat,

372 4396 503 4472 Moles
534 4420 670 4492 saxea,
702 4401 812 4476 celsa

428 4503 543 4593 Quae
573 4530 616 4580 se
646 4506 699 4581 ad
728 4507 863 4583 sidera
891 4507 1068 4607 surrigit,
