3164 5154
706 261 909 318 SILVARUM

385 458 560 536 Semivir
587 459 621 534 si
649 485 770 558 quem
800 459 974 558 Cybeles
1003 464 1193 539 sacerdos

383 565 508 642 Iussit
535 566 685 642 ascribi
712 592 883 643 numero
913 593 1093 645 suorum:

383 672 550 749 Assolet
575 674 741 773 placare
770 673 890 750 deam
920 700 1075 770 cruore,

489 781 675 857 Membra
702 806 855 858 secare.

386 938 430 1012 Si
459 939 549 1039 quis
579 942 777 1017 obscenos
805 943 957 1042 repetit
983 950 1143 1043 poetas,

385 1048 525 1122 Foeda
552 1047 753 1147 paulatim
783 1047 972 1149 Cypridis
999 1049 1128 1127 libido

383 1153 556 1252 Frangit
583 1160 625 1229 et
652 1161 833 1230 mentem
861 1156 990 1232 vetito
1019 1157 1148 1233 calori

491 1260 646 1336 Cedere
675 1261 799 1360 cogit.

385 1420 464 1508 Qui
494 1420 604 1495 domi
632 1421 770 1497 vixere
800 1423 869 1497 diu
897 1423 1021 1513 beati,

383 1527 572 1603 Perdidit
600 1535 741 1604 ooetus
769 1530 904 1604 subito
934 1531 1147 1607 malorum.

384 1633 445 1710 Ne
473 1634 550 1710 tibi
578 1635 796 1734 contingat
821 1636 944 1730 idem,
975 1661 1119 1714 cavere

493 1740 667 1833 Suadeo
696 1743 851 1842 Mopse.
993 1821 999 1829 ,

769 2324 848 2394 XV.

494 2538 713 2616 FORMAE
740 2540 1126 2620 PRAESTANTIA.

385 2753 459 2827 Est
487 2751 554 2827 dei
581 2778 728 2828 munus
757 2754 881 2829 decus
911 2755 1113 2853 elegantis
1280 2771 1326 2826 fol.
1343 2771 1398 2826 181*-

384 2858 587 2958 CorporiS,
617 2858 754 2958 fulgor
779 2885 920 2937 roseus
948 2886 1160 2961 genarum,

382 2968 505 3041 Lucis
535 2971 728 3043 aeternae
755 2968 905 3060 radius,
934 2969 1126 3045 micantis

489 3074 639 3147 Partus
669 3073 843 3174 Olympi.

383 3233 553 3307 Duloior
582 3235 717 3309 vultus
746 3241 913 3311 tenerae
942 3236 1104 3334 puellae

384 3341 479 3415 Sole
507 3347 602 3439 post
629 3341 767 3416 tristes
794 3342 966 3419 nebulas
995 3349 1038 3418 et
1064 3346 1231 3420 umbras

383 3447 514 3521 Nocte
545 3447 726 3546 depulsa,
755 3449 953 3527 redeunte
981 3456 1166 3526 nostrum

490 3555 643 3628 Rursus
671 3555 715 3629 in
743 3559 899 3631 orbern:

384 3712 558 3788 Suavior
584 3714 692 3813 prati
720 3715 842 3791 viridi
869 3717 1015 3808 nitore,

383 3820 570 3895 Floribus
598 3821 705 3897 ve1is
733 3847 806 3921 per
832 3847 1009 3900 amoena
1034 3848 1139 3909 rura,

383 3927 586 4024 Frugibus
613 3928 745 4003 flavae
775 3929 946 4023 Cereris,
975 3930 1141 4006 rubenti

488 4034 705 4110 Pulchrior
732 4061 820 4112 uva.

383 4193 516 4267 llurat
543 4194 621 4269 hoo
649 4201 824 4287 tantum,
854 4195 1020 4271 niveum
1047 4197 1217 4298 pudoris

384 4298 588 4388 Quamdiu
616 4302 732 4401 virgo
761 4301 913 4378 retinet
940 4303 1174 4401 ligustrum:

386 4406 488 4480 (lum
519 4407 639 4499 eadit,
669 4408 825 4485 formae
854 4410 975 4487 simul
1004 4411 1225 4488 eminentis

489 4512 633 4590 Gratia
661 4516 780 4594 cedit.
