3164 5154
480 225 552 278 LIB.
571 224 609 281 X.
629 226 743 280 13-15.

185 424 412 522 Languidis
439 423 633 500 membris
662 422 834 500 Veneris
863 424 1038 513 satelles,

188 531 437 622 Quindecim
464 532 602 605 lustris
631 531 769 628 gravis
799 538 862 606 est
888 537 1072 631 repertus

186 639 326 739 Nuper
354 639 585 737 astringens
613 638 744 712 niveis
774 638 932 738 capillis

292 746 474 845 Virginis
504 753 628 820 artus

186 888 379 987 Nympha
408 914 451 963 se
480 889 705 962 subducere
735 886 911 961 delicata

188 993 336 1094 Coepit
363 995 570 1094 amplexu:
600 995 737 1068 senior
766 994 956 1083 cucurrit,

184 1103 339 1177 Rursus
368 1109 416 1177 ut
444 1101 606 1176 blandis
634 1107 798 1200 raperet
824 1100 985 1176 labellis

294 1209 445 1286 Oscula
474 1210 653 1284 demens.
1210 1261 1234 1301 „

186 1351 266 1425 Ast
291 1351 407 1425 humi
435 1351 574 1450 lapsus
604 1351 739 1425 subito
770 1349 1017 1424 cachinnum

185 1458 385 1534 Praebuit
413 1483 521 1532 casu.
580 1456 770 1531 Calidum
801 1457 1009 1531 caminum

186 1563 330 1639 Servet
357 1565 461 1639 haec
490 1572 621 1639 aetas:
651 1564 834 1664 Paphias
862 1564 1068 1663 relinquat

290 1671 459 1768 Frigida
486 1672 686 1747 flammas.
1211 1724 1237 1762 ,0

569 2025 648 2088 XV.

225 2170 365 2246 DEUS
394 2169 481 2246 UBI
510 2170 595 2246 SIT
625 2169 1000 2273 QUAERENDUS.

182 2329 241 2402 Te
271 2328 370 2402 deus
398 2337 585 2403 nostrum
614 2330 729 2428 cupit
756 2329 939 2404 invenire
1081 2341 1132 2398 for
1151 2343 1224 2398 170¹·

182 2435 336 2510 Pectus
367 2443 409 2510 et
436 2436 536 2511 totis
565 2436 698 2511 inhiat
726 2436 933 2510 medullis:

182 2541 262 2618 Ast
290 2542 360 2616 ubi
390 2547 613 2641 quaeram?
642 2544 811 2642 regione
840 2569 920 2643 qua
949 2551 990 2617 te

288 2650 459 2725 Detinet
487 2651 625 2725 orbis?

184 2791 258 2865 Ibe
288 2818 362 2890 per
390 2791 541 2890 Syrtes,
571 2793 773 2892 scopulos
803 2792 993 2881 harenae,

181 2899 384 2997 Aequoris
413 2900 573 2991 fluctus,
603 2900 783 2974 tumidas
811 2899 1028 2998 procellas,

184 3005 357 3080 Caucasi
385 3032 517 3105 rupes,
545 3008 703 3103 Lybiae
734 3007 924 3095 calorem,

287 3113 458 3212 Frigora
485 3114 651 3189 Tlrules.
1223 3165 1236 3202 ⁸

180 3255 291 3328 Dum
320 3281 457 3330 meam
485 3257 696 3331 flammam
723 3256 902 3357 reperire
930 3254 1099 3355 possim,

180 3361 326 3435 Nullus
356 3366 559 3438 absterret
586 3365 703 3440 labor
731 3374 803 3439 aut
829 3372 989 3438 remota

180 3469 363 3568 impedit
390 3470 536 3545 tellus:
567 3471 785 3570 Scythicas
814 3471 928 3545 nives
957 3495 1072 3544 mens

285 3577 418 3651 Laeta
446 3579 608 3652 salutat
1211 3627 1234 3664 ,2

179 3718 274 3791 Non
303 3718 403 3792 colis
432 3745 528 3794 vero
558 3718 715 3816 gelidas
744 3718 924 3820 pruinas,

178 3824 384 3898 Turbidus
412 3852 638 3924 numquam
668 3835 708 3900 te
738 3825 959 3925 Aquilonis
988 3826 1132 3900 horror

178 3932 338 4006 Traxit:
370 3933 561 4008 ardentes
591 3933 750 4008 animos
778 3937 901 4009 beato

286 4039 436 4138 Diligis
466 4050 594 4114 aestu.
1209 4090 1233 4128 e

177 4180 269 4254 Non
298 4181 465 4280 placent
494 4207 635 4256 sensus
665 4181 796 4281 tepidi
824 4209 903 4257 nec
932 4207 1030 4257 auro

176 4287 363 4362 Pallidae
394 4314 536 4364 curae:
567 4289 723 4387 lapides
752 4290 828 4363 Eoi

175 4394 327 4468 Litoris
357 4396 515 4494 spernis
545 4397 666 4469 simul
696 4402 738 4470 et
765 4396 937 4495 rigentis

284 4502 437 4576 Sucina
464 4502 601 4578 Ponti.
