<?xml version="1.0" encoding="UTF-8"?>
<!DOCTYPE html PUBLIC "-//W3C//DTD XHTML 1.0 Transitional//EN"
    "http://www.w3.org/TR/xhtml1/DTD/xhtml1-transitional.dtd">
<html xmlns="http://www.w3.org/1999/xhtml" xml:lang="en" lang="en">
 <head>
  <title>
</title>
<meta http-equiv="Content-Type" content="text/html;charset=utf-8" />
  <meta name='ocr-system' content='tesseract 3.04.00' />
  <meta name='ocr-capabilities' content='ocr_page ocr_carea ocr_par ocr_line ocrx_word'/>
</head>
<body>
  <div class='ocr_page' id='page_1' title='image "./psimonrettenbac00lehngoog/psimonrettenbac00lehngoog_0104.png"; bbox 0 0 3164 5154; ppageno 0'>
   <div class='ocr_carea' id='block_1_1' title="bbox 584 269 836 328">
    <p class='ocr_par' dir='ltr' id='par_1_1' title="bbox 584 269 836 328">
     <span class='ocr_line' id='line_1_1' title="bbox 584 269 836 328; baseline -0.024 -4"><span class='ocrx_word' id='word_1_1' title='bbox 584 271 660 325; x_wconf 89' lang='lat' dir='ltr'><strong>LIB.</strong></span> <span class='ocrx_word' id='word_1_2' title='bbox 680 271 701 326; x_wconf 91' lang='lat' dir='ltr'>I.</span> <span class='ocrx_word' id='word_1_3' title='bbox 720 269 836 328; x_wconf 75' lang='lat'><strong>32-33.</strong></span> 
     </span>
    </p>
   </div>
   <div class='ocr_carea' id='block_1_2' title="bbox 472 490 930 763">
    <p class='ocr_par' dir='ltr' id='par_1_2' title="bbox 472 490 930 763">
     <span class='ocr_line' id='line_1_2' title="bbox 555 490 803 569; baseline 0.012 -3"><span class='ocrx_word' id='word_1_4' title='bbox 555 490 557 494; x_wconf 37' lang='lat'>¹</span> <span class='ocrx_word' id='word_1_5' title='bbox 622 503 803 569; x_wconf 87' lang='lat' dir='ltr'><strong>XXXIII.</strong></span> 
     </span>
     <span class='ocr_line' id='line_1_3' title="bbox 472 685 930 763; baseline -0.002 -1"><span class='ocrx_word' id='word_1_6' title='bbox 472 685 626 763; x_wconf 88' lang='lat' dir='ltr'><strong>NEMO</strong></span> <span class='ocrx_word' id='word_1_7' title='bbox 661 685 725 762; x_wconf 88' lang='lat' dir='ltr'>SE</span> <span class='ocrx_word' id='word_1_8' title='bbox 757 685 930 763; x_wconf 87' lang='lat' dir='ltr'><strong>FUGIT.</strong></span> 
     </span>
    </p>
   </div>
   <div class='ocr_carea' id='block_1_3' title="bbox 174 863 1314 1282">
    <p class='ocr_par' dir='ltr' id='par_1_3' title="bbox 174 863 1314 1177">
     <span class='ocr_line' id='line_1_4' title="bbox 175 863 1314 965; baseline -0.008 -24"><span class='ocrx_word' id='word_1_9' title='bbox 175 868 265 957; x_wconf 82' lang='lat' dir='ltr'>Quo</span> <span class='ocrx_word' id='word_1_10' title='bbox 294 865 438 956; x_wconf 90' lang='lat' dir='ltr'>tendis,</span> <span class='ocrx_word' id='word_1_11' title='bbox 466 863 675 940; x_wconf 88' lang='lat' dir='ltr'>Pericles?</span> <span class='ocrx_word' id='word_1_12' title='bbox 705 889 784 962; x_wconf 92' lang='lat' dir='ltr'>quo</span> <span class='ocrx_word' id='word_1_13' title='bbox 812 864 922 964; x_wconf 88' lang='lat' dir='ltr'>rapit</span> <span class='ocrx_word' id='word_1_14' title='bbox 948 864 1155 965; x_wconf 87' lang='lat' dir='ltr'>impetus?</span> <span class='ocrx_word' id='word_1_15' title='bbox 1202 878 1242 934; x_wconf 83' lang='lat' dir='ltr'>fol</span> <span class='ocrx_word' id='word_1_16' title='bbox 1262 880 1314 934; x_wconf 70' lang='lat'>14¹·</span> 
     </span>
     <span class='ocr_line' id='line_1_5' title="bbox 176 970 1101 1072; baseline -0.002 -24"><span class='ocrx_word' id='word_1_17' title='bbox 176 975 268 1064; x_wconf 82' lang='lat' dir='ltr'>Qua</span> <span class='ocrx_word' id='word_1_18' title='bbox 295 972 434 1047; x_wconf 83' lang='lat' dir='ltr'>sedem</span> <span class='ocrx_word' id='word_1_19' title='bbox 463 970 652 1046; x_wconf 88' lang='lat' dir='ltr'>stabilem</span> <span class='ocrx_word' id='word_1_20' title='bbox 680 996 833 1072; x_wconf 91' lang='lat' dir='ltr'>ponere</span> <span class='ocrx_word' id='word_1_21' title='bbox 860 970 921 1045; x_wconf 87' lang='lat' dir='ltr'>vis</span> <span class='ocrx_word' id='word_1_22' title='bbox 950 972 1101 1071; x_wconf 87' lang='lat' dir='ltr'>plaga?</span> 
     </span>
     <span class='ocr_line' id='line_1_6' title="bbox 174 1077 984 1177; baseline -0.005 -21"><span class='ocrx_word' id='word_1_23' title='bbox 174 1082 365 1156; x_wconf 75' lang='lat' dir='ltr'>Libertas</span> <span class='ocrx_word' id='word_1_24' title='bbox 384 1077 536 1154; x_wconf 84' lang='lat' dir='ltr'>Veneti</span> <span class='ocrx_word' id='word_1_25' title='bbox 565 1084 607 1153; x_wconf 91' lang='lat' dir='ltr'>et</span> <span class='ocrx_word' id='word_1_26' title='bbox 633 1077 766 1177; x_wconf 83' lang='lat' dir='ltr'>gloria</span> <span class='ocrx_word' id='word_1_27' title='bbox 791 1078 984 1170; x_wconf 80' lang='lat' dir='ltr'>neminie,</span> 
     </span>
    </p>

    <p class='ocr_par' dir='ltr' id='par_1_4' title="bbox 284 1183 773 1282">
     <span class='ocr_line' id='line_1_7' title="bbox 284 1183 773 1282; baseline -0.002 -22"><span class='ocrx_word' id='word_1_28' title='bbox 284 1184 352 1260; x_wconf 87' lang='lat' dir='ltr'>An</span> <span class='ocrx_word' id='word_1_29' title='bbox 380 1186 537 1260; x_wconf 89' lang='lat' dir='ltr'>Romae</span> <span class='ocrx_word' id='word_1_30' title='bbox 567 1183 773 1282; x_wconf 88' lang='lat' dir='ltr'>Capitolia</span> 
     </span>
    </p>
   </div>
   <div class='ocr_carea' id='block_1_4' title="bbox 177 1343 1146 1763">
    <p class='ocr_par' dir='ltr' id='par_1_5' title="bbox 177 1343 1097 1443">
     <span class='ocr_line' id='line_1_8' title="bbox 177 1343 1097 1443; baseline -0.002 -20"><span class='ocrx_word' id='word_1_31' title='bbox 177 1348 455 1443; x_wconf 86' lang='lat' dir='ltr'>Maiestasque</span> <span class='ocrx_word' id='word_1_32' title='bbox 484 1344 655 1418; x_wconf 89' lang='lat' dir='ltr'>trahunt</span> <span class='ocrx_word' id='word_1_33' title='bbox 683 1344 768 1420; x_wconf 89' lang='lat' dir='ltr'>sive</span> <span class='ocrx_word' id='word_1_34' title='bbox 796 1343 923 1419; x_wconf 87' lang='lat' dir='ltr'>Asiae</span> <span class='ocrx_word' id='word_1_35' title='bbox 951 1345 1097 1421; x_wconf 90' lang='lat' dir='ltr'>ultima</span> 
     </span>
    </p>

    <p class='ocr_par' dir='ltr' id='par_1_6' title="bbox 179 1451 1031 1551">
     <span class='ocr_line' id='line_1_9' title="bbox 179 1451 1031 1551; baseline -0.006 -21"><span class='ocrx_word' id='word_1_36' title='bbox 179 1454 243 1529; x_wconf 88' lang='lat' dir='ltr'>Ac</span> <span class='ocrx_word' id='word_1_37' title='bbox 272 1454 416 1530; x_wconf 85' lang='lat' dir='ltr'>Serum</span> <span class='ocrx_word' id='word_1_38' title='bbox 444 1457 630 1526; x_wconf 82' lang='lat' dir='ltr'>veterum</span> <span class='ocrx_word' id='word_1_39' title='bbox 658 1475 787 1549; x_wconf 88' lang='lat' dir='ltr'>regna</span> <span class='ocrx_word' id='word_1_40' title='bbox 814 1451 1031 1551; x_wconf 87' lang='lat' dir='ltr'>potentia?</span> 
     </span>
    </p>

    <p class='ocr_par' dir='ltr' id='par_1_7' title="bbox 180 1557 1146 1763">
     <span class='ocr_line' id='line_1_10' title="bbox 180 1557 1146 1657; baseline -0.004 -21"><span class='ocrx_word' id='word_1_41' title='bbox 180 1560 267 1636; x_wconf 87' lang='lat' dir='ltr'>Aut</span> <span class='ocrx_word' id='word_1_42' title='bbox 293 1559 415 1635; x_wconf 87' lang='lat' dir='ltr'>tellus</span> <span class='ocrx_word' id='word_1_43' title='bbox 444 1557 632 1632; x_wconf 85' lang='lat' dir='ltr'><strong>Arabum</strong></span> <span class='ocrx_word' id='word_1_44' title='bbox 660 1564 751 1632; x_wconf 83' lang='lat' dir='ltr'>tme</span> <span class='ocrx_word' id='word_1_45' title='bbox 780 1582 895 1633; x_wconf 87' lang='lat' dir='ltr'>sacro</span> <span class='ocrx_word' id='word_1_46' title='bbox 925 1558 1146 1657; x_wconf 76' lang='lat' dir='ltr'>frequens?</span> 
     </span>
     <span class='ocr_line' id='line_1_11' title="bbox 288 1664 939 1763; baseline 0 -23"><span class='ocrx_word' id='word_1_47' title='bbox 288 1665 450 1741; x_wconf 87' lang='lat' dir='ltr'>Blanda</span> <span class='ocrx_word' id='word_1_48' title='bbox 478 1671 550 1739; x_wconf 90' lang='lat' dir='ltr'>aut</span> <span class='ocrx_word' id='word_1_49' title='bbox 575 1665 693 1763; x_wconf 84' lang='lat' dir='ltr'>regia</span> <span class='ocrx_word' id='word_1_50' title='bbox 720 1664 939 1740; x_wconf 83' lang='lat' dir='ltr'>Persidos?</span> 
     </span>
    </p>
   </div>
   <div class='ocr_carea' id='block_1_5' title="bbox 184 1824 1075 2245">
    <p class='ocr_par' dir='ltr' id='par_1_8' title="bbox 184 1824 991 1924">
     <span class='ocr_line' id='line_1_12' title="bbox 184 1824 991 1924; baseline -0.004 -22"><span class='ocrx_word' id='word_1_51' title='bbox 184 1827 266 1902; x_wconf 84' lang='lat' dir='ltr'>Seu</span> <span class='ocrx_word' id='word_1_52' title='bbox 294 1833 336 1902; x_wconf 90' lang='lat' dir='ltr'>te</span> <span class='ocrx_word' id='word_1_53' title='bbox 364 1827 610 1924; x_wconf 81' lang='lat' dir='ltr'>Taprobane</span> <span class='ocrx_word' id='word_1_54' title='bbox 637 1824 773 1900; x_wconf 87' lang='lat' dir='ltr'>mollis</span> <span class='ocrx_word' id='word_1_55' title='bbox 802 1833 844 1900; x_wconf 92' lang='lat' dir='ltr'>et</span> <span class='ocrx_word' id='word_1_56' title='bbox 871 1825 991 1900; x_wconf 84' lang='lat' dir='ltr'><strong>India</strong></span> 
     </span>
    </p>

    <p class='ocr_par' dir='ltr' id='par_1_9' title="bbox 184 1930 1036 2033">
     <span class='ocr_line' id='line_1_13' title="bbox 184 1930 1036 2033; baseline -0.002 -24"><span class='ocrx_word' id='word_1_57' title='bbox 184 1934 513 2009; x_wconf 85' lang='lat' dir='ltr'>Monstrorumve</span> <span class='ocrx_word' id='word_1_58' title='bbox 541 1930 655 2006; x_wconf 86' lang='lat' dir='ltr'>ferax</span> <span class='ocrx_word' id='word_1_59' title='bbox 682 1930 826 2007; x_wconf 81' lang='lat' dir='ltr'>Africa</span> <span class='ocrx_word' id='word_1_60' title='bbox 852 1932 1036 2033; x_wconf 74' lang='lat' dir='ltr'>pellicit?</span> 
     </span>
    </p>

    <p class='ocr_par' dir='ltr' id='par_1_10' title="bbox 186 2037 1075 2245">
     <span class='ocr_line' id='line_1_14' title="bbox 186 2037 1075 2139; baseline 0 -24"><span class='ocrx_word' id='word_1_61' title='bbox 186 2040 275 2116; x_wconf 89' lang='lat' dir='ltr'>Aut</span> <span class='ocrx_word' id='word_1_62' title='bbox 302 2039 438 2138; x_wconf 86' lang='lat' dir='ltr'>gentis</span> <span class='ocrx_word' id='word_1_63' title='bbox 466 2037 643 2113; x_wconf 86' lang='lat' dir='ltr'>Phariae</span> <span class='ocrx_word' id='word_1_64' title='bbox 671 2046 772 2114; x_wconf 87' lang='lat' dir='ltr'>nota</span> <span class='ocrx_word' id='word_1_65' title='bbox 797 2039 1005 2139; x_wconf 82' lang='lat' dir='ltr'>protervia</span> <span class='ocrx_word' id='word_1_66' title='bbox 1033 2046 1075 2115; x_wconf 89' lang='lat' dir='ltr'>et</span> 
     </span>
     <span class='ocr_line' id='line_1_15' title="bbox 294 2143 881 2245; baseline 0 -25"><span class='ocrx_word' id='word_1_67' title='bbox 294 2146 461 2221; x_wconf 88' lang='lat' dir='ltr'>Dudum</span> <span class='ocrx_word' id='word_1_68' title='bbox 489 2144 621 2219; x_wconf 88' lang='lat' dir='ltr'>fracta</span> <span class='ocrx_word' id='word_1_69' title='bbox 644 2143 881 2245; x_wconf 76' lang='lat' dir='ltr'>Diospolis?</span> 
     </span>
    </p>
   </div>
   <div class='ocr_carea' id='block_1_6' title="bbox 190 2303 993 2701">
    <p class='ocr_par' dir='ltr' id='par_1_11' title="bbox 190 2303 987 2405">
     <span class='ocr_line' id='line_1_16' title="bbox 190 2303 987 2405; baseline 0 -23"><span class='ocrx_word' id='word_1_70' title='bbox 190 2308 258 2382; x_wconf 84' lang='lat' dir='ltr'>An</span> <span class='ocrx_word' id='word_1_71' title='bbox 287 2305 394 2380; x_wconf 82' lang='lat' dir='ltr'>duris</span> <span class='ocrx_word' id='word_1_72' title='bbox 422 2303 558 2405; x_wconf 86' lang='lat' dir='ltr'>potius</span> <span class='ocrx_word' id='word_1_73' title='bbox 578 2304 756 2379; x_wconf 88' lang='lat' dir='ltr'>Thracia</span> <span class='ocrx_word' id='word_1_74' title='bbox 783 2306 987 2382; x_wconf 89' lang='lat' dir='ltr'>moribus?</span> 
     </span>
    </p>

    <p class='ocr_par' dir='ltr' id='par_1_12' title="bbox 191 2410 913 2489">
     <span class='ocr_line' id='line_1_17' title="bbox 191 2410 913 2489; baseline -0.004 0"><span class='ocrx_word' id='word_1_75' title='bbox 191 2413 334 2489; x_wconf 87' lang='lat' dir='ltr'>Divisa</span> <span class='ocrx_word' id='word_1_76' title='bbox 362 2411 527 2486; x_wconf 83' lang='lat' dir='ltr'>Oceano</span> <span class='ocrx_word' id='word_1_77' title='bbox 557 2410 642 2486; x_wconf 86' lang='lat' dir='ltr'>sive</span> <span class='ocrx_word' id='word_1_78' title='bbox 670 2411 913 2487; x_wconf 81' lang='lat' dir='ltr'>Britannia?</span> 
     </span>
    </p>

    <p class='ocr_par' dir='ltr' id='par_1_13' title="bbox 192 2517 993 2701">
     <span class='ocr_line' id='line_1_18' title="bbox 192 2517 993 2595; baseline -0.001 -1"><span class='ocrx_word' id='word_1_79' title='bbox 192 2519 259 2595; x_wconf 83' lang='lat' dir='ltr'>An</span> <span class='ocrx_word' id='word_1_80' title='bbox 290 2519 497 2594; x_wconf 86' lang='lat' dir='ltr'>Germana</span> <span class='ocrx_word' id='word_1_81' title='bbox 524 2517 653 2593; x_wconf 86' lang='lat' dir='ltr'>fides?</span> <span class='ocrx_word' id='word_1_82' title='bbox 681 2518 779 2593; x_wconf 86' lang='lat' dir='ltr'>litus</span> <span class='ocrx_word' id='word_1_83' title='bbox 807 2519 993 2595; x_wconf 80' lang='lat' dir='ltr'>iberiae?</span> 
     </span>
     <span class='ocr_line' id='line_1_19' title="bbox 300 2623 860 2701; baseline 0 -2"><span class='ocrx_word' id='word_1_84' title='bbox 300 2624 397 2699; x_wconf 81' lang='lat' dir='ltr'>Acri</span> <span class='ocrx_word' id='word_1_85' title='bbox 426 2631 498 2699; x_wconf 90' lang='lat' dir='ltr'>aut</span> <span class='ocrx_word' id='word_1_86' title='bbox 527 2623 674 2699; x_wconf 80' lang='lat' dir='ltr'>Suecia</span> <span class='ocrx_word' id='word_1_87' title='bbox 701 2625 860 2701; x_wconf 86' lang='lat' dir='ltr'>milite?</span> 
     </span>
    </p>
   </div>
   <div class='ocr_carea' id='block_1_7' title="bbox 195 2784 1167 3181">
    <p class='ocr_par' dir='ltr' id='par_1_14' title="bbox 195 2784 1109 2884">
     <span class='ocr_line' id='line_1_20' title="bbox 195 2784 1109 2884; baseline 0.001 -24"><span class='ocrx_word' id='word_1_88' title='bbox 195 2788 284 2877; x_wconf 84' lang='lat' dir='ltr'>Quo</span> <span class='ocrx_word' id='word_1_89' title='bbox 313 2793 354 2860; x_wconf 84' lang='lat' dir='ltr'>te</span> <span class='ocrx_word' id='word_1_90' title='bbox 384 2809 558 2882; x_wconf 81' lang='lat' dir='ltr'>euinque</span> <span class='ocrx_word' id='word_1_91' title='bbox 586 2784 703 2874; x_wconf 73' lang='lat' dir='ltr'>soree,</span> <span class='ocrx_word' id='word_1_92' title='bbox 737 2786 914 2884; x_wconf 88' lang='lat' dir='ltr'>pectoris</span> <span class='ocrx_word' id='word_1_93' title='bbox 943 2786 1109 2861; x_wconf 84' lang='lat' dir='ltr'>anxiam</span> 
     </span>
    </p>

    <p class='ocr_par' dir='ltr' id='par_1_15' title="bbox 195 2889 1167 2991">
     <span class='ocr_line' id='line_1_21' title="bbox 195 2889 1167 2991; baseline 0 -23"><span class='ocrx_word' id='word_1_94' title='bbox 195 2895 288 2968; x_wconf 88' lang='lat' dir='ltr'>Non</span> <span class='ocrx_word' id='word_1_95' title='bbox 317 2915 456 2966; x_wconf 89' lang='lat' dir='ltr'>curam</span> <span class='ocrx_word' id='word_1_96' title='bbox 486 2889 668 2988; x_wconf 85' lang='lat' dir='ltr'>effugies,</span> <span class='ocrx_word' id='word_1_97' title='bbox 698 2916 782 2965; x_wconf 91' lang='lat' dir='ltr'>non</span> <span class='ocrx_word' id='word_1_98' title='bbox 810 2893 992 2991; x_wconf 87' lang='lat' dir='ltr'>trepidos</span> <span class='ocrx_word' id='word_1_99' title='bbox 1020 2900 1167 2985; x_wconf 79' lang='lat' dir='ltr'>metue,</span> 
     </span>
    </p>

    <p class='ocr_par' dir='ltr' id='par_1_16' title="bbox 197 2996 1095 3181">
     <span class='ocr_line' id='line_1_22' title="bbox 197 2996 1095 3099; baseline 0.001 -25"><span class='ocrx_word' id='word_1_100' title='bbox 197 3001 282 3074; x_wconf 85' lang='lat' dir='ltr'>Neo</span> <span class='ocrx_word' id='word_1_101' title='bbox 311 3023 425 3099; x_wconf 91' lang='lat' dir='ltr'>spem</span> <span class='ocrx_word' id='word_1_102' title='bbox 453 2996 671 3073; x_wconf 84' lang='lat' dir='ltr'>sollicitam</span> <span class='ocrx_word' id='word_1_103' title='bbox 699 3023 776 3072; x_wconf 87' lang='lat' dir='ltr'>nec</span> <span class='ocrx_word' id='word_1_104' title='bbox 803 3001 913 3075; x_wconf 91' lang='lat' dir='ltr'>mala</span> <span class='ocrx_word' id='word_1_105' title='bbox 941 3000 1095 3098; x_wconf 83' lang='lat' dir='ltr'>gaudia</span> 
     </span>
     <span class='ocr_line' id='line_1_23' title="bbox 304 3105 996 3181; baseline 0.003 -2"><span class='ocrx_word' id='word_1_106' title='bbox 304 3106 390 3179; x_wconf 87' lang='lat' dir='ltr'>Nec</span> <span class='ocrx_word' id='word_1_107' title='bbox 416 3128 645 3179; x_wconf 86' lang='lat' dir='ltr'>maerorem</span> <span class='ocrx_word' id='word_1_108' title='bbox 674 3105 799 3179; x_wconf 88' lang='lat' dir='ltr'>animi</span> <span class='ocrx_word' id='word_1_109' title='bbox 829 3111 996 3181; x_wconf 85' lang='lat' dir='ltr'>trucem.</span> 
     </span>
    </p>
   </div>
   <div class='ocr_carea' id='block_1_8' title="bbox 199 3262 1116 3684">
    <p class='ocr_par' dir='ltr' id='par_1_17' title="bbox 200 3262 1096 3366">
     <span class='ocr_line' id='line_1_24' title="bbox 200 3262 1096 3366; baseline -0.002 -24"><span class='ocrx_word' id='word_1_110' title='bbox 200 3266 316 3343; x_wconf 88' lang='lat' dir='ltr'>Sicut</span> <span class='ocrx_word' id='word_1_111' title='bbox 342 3288 463 3339; x_wconf 88' lang='lat' dir='ltr'>cerva</span> <span class='ocrx_word' id='word_1_112' title='bbox 490 3262 630 3361; x_wconf 86' lang='lat' dir='ltr'>fugam</span> <span class='ocrx_word' id='word_1_113' title='bbox 657 3292 731 3366; x_wconf 87' lang='lat' dir='ltr'>per</span> <span class='ocrx_word' id='word_1_114' title='bbox 758 3267 855 3366; x_wconf 85' lang='lat' dir='ltr'>iuga</span> <span class='ocrx_word' id='word_1_115' title='bbox 882 3267 1096 3356; x_wconf 89' lang='lat' dir='ltr'>montium,</span> 
     </span>
    </p>

    <p class='ocr_par' dir='ltr' id='par_1_18' title="bbox 199 3371 1042 3448">
     <span class='ocr_line' id='line_1_25' title="bbox 199 3371 1042 3448; baseline 0 0"><span class='ocrx_word' id='word_1_116' title='bbox 199 3374 281 3448; x_wconf 89' lang='lat' dir='ltr'>Per</span> <span class='ocrx_word' id='word_1_117' title='bbox 307 3371 435 3445; x_wconf 87' lang='lat' dir='ltr'>valles</span> <span class='ocrx_word' id='word_1_118' title='bbox 464 3371 617 3447; x_wconf 88' lang='lat' dir='ltr'>celerat</span> <span class='ocrx_word' id='word_1_119' title='bbox 645 3373 785 3448; x_wconf 87' lang='lat' dir='ltr'>saucia</span> <span class='ocrx_word' id='word_1_120' title='bbox 812 3373 1042 3448; x_wconf 88' lang='lat' dir='ltr'>harundine</span> 
     </span>
    </p>

    <p class='ocr_par' dir='ltr' id='par_1_19' title="bbox 202 3476 1116 3684">
     <span class='ocr_line' id='line_1_26' title="bbox 202 3476 1116 3581; baseline -0.001 -27"><span class='ocrx_word' id='word_1_121' title='bbox 202 3481 398 3581; x_wconf 77' lang='lat' dir='ltr'>(Frustra3</span> <span class='ocrx_word' id='word_1_122' title='bbox 427 3476 601 3553; x_wconf 87' lang='lat' dir='ltr'>haerent</span> <span class='ocrx_word' id='word_1_123' title='bbox 628 3479 749 3555; x_wconf 87' lang='lat' dir='ltr'>lateri</span> <span class='ocrx_word' id='word_1_124' title='bbox 778 3481 862 3556; x_wconf 90' lang='lat' dir='ltr'>tela</span> <span class='ocrx_word' id='word_1_125' title='bbox 888 3478 1116 3578; x_wconf 73' lang='lat' dir='ltr'>nocential:</span> 
     </span>
     <span class='ocr_line' id='line_1_27' title="bbox 310 3584 913 3684; baseline 0.005 -24"><span class='ocrx_word' id='word_1_126' title='bbox 310 3585 378 3660; x_wconf 86' lang='lat' dir='ltr'>Sic</span> <span class='ocrx_word' id='word_1_127' title='bbox 406 3584 556 3659; x_wconf 84' lang='lat' dir='ltr'>mentis</span> <span class='ocrx_word' id='word_1_128' title='bbox 583 3611 717 3684; x_wconf 89' lang='lat' dir='ltr'>neque</span> <span class='ocrx_word' id='word_1_129' title='bbox 745 3587 913 3664; x_wconf 89' lang='lat' dir='ltr'>vulnera</span> 
     </span>
    </p>
   </div>
   <div class='ocr_carea' id='block_1_9' title="bbox 203 3743 1149 4165">
    <p class='ocr_par' dir='ltr' id='par_1_20' title="bbox 203 3743 1149 4057">
     <span class='ocr_line' id='line_1_28' title="bbox 203 3743 1149 3822; baseline 0 -1"><span class='ocrx_word' id='word_1_130' title='bbox 203 3745 322 3821; x_wconf 89' lang='lat' dir='ltr'>Vitas</span> <span class='ocrx_word' id='word_1_131' title='bbox 351 3743 561 3819; x_wconf 81' lang='lat' dir='ltr'>cmriculo.</span> <span class='ocrx_word' id='word_1_132' title='bbox 593 3746 744 3820; x_wconf 86' lang='lat' dir='ltr'>Clausa</span> <span class='ocrx_word' id='word_1_133' title='bbox 771 3746 904 3822; x_wconf 89' lang='lat' dir='ltr'>latent</span> <span class='ocrx_word' id='word_1_134' title='bbox 931 3747 1022 3822; x_wconf 91' lang='lat' dir='ltr'>sinu</span> <span class='ocrx_word' id='word_1_135' title='bbox 1051 3755 1093 3821; x_wconf 89' lang='lat' dir='ltr'>et</span> <span class='ocrx_word' id='word_1_136' title='bbox 1145 3762 1149 3769; x_wconf 85' lang='lat'>&#39;</span> 
     </span>
     <span class='ocr_line' id='line_1_29' title="bbox 204 3849 1019 3952; baseline 0.01 -26"><span class='ocrx_word' id='word_1_137' title='bbox 204 3850 302 3926; x_wconf 88' lang='lat' dir='ltr'>Imis</span> <span class='ocrx_word' id='word_1_138' title='bbox 330 3849 552 3925; x_wconf 87' lang='lat' dir='ltr'>visceribus</span> <span class='ocrx_word' id='word_1_139' title='bbox 580 3853 705 3952; x_wconf 81' lang='lat' dir='ltr'>plaga</span> <span class='ocrx_word' id='word_1_140' title='bbox 730 3860 864 3929; x_wconf 85' lang='lat' dir='ltr'>tumet</span> <span class='ocrx_word' id='word_1_141' title='bbox 891 3853 1019 3934; x_wconf 81' lang='lat' dir='ltr'>ferox.</span> 
     </span>
     <span class='ocr_line' id='line_1_30' title="bbox 204 3956 966 4057; baseline 0.001 -24"><span class='ocrx_word' id='word_1_142' title='bbox 204 3956 404 4033; x_wconf 86' lang='lat' dir='ltr'>Prudenti</span> <span class='ocrx_word' id='word_1_143' title='bbox 432 3958 610 4057; x_wconf 89' lang='lat' dir='ltr'>alloquio</span> <span class='ocrx_word' id='word_1_144' title='bbox 643 3959 786 4034; x_wconf 89' lang='lat' dir='ltr'>cedere</span> <span class='ocrx_word' id='word_1_145' title='bbox 814 3960 966 4036; x_wconf 88' lang='lat' dir='ltr'>nescia:</span> 
     </span>
    </p>

    <p class='ocr_par' dir='ltr' id='par_1_21' title="bbox 313 4063 889 4165">
     <span class='ocr_line' id='line_1_31' title="bbox 313 4063 889 4165; baseline 0.005 -27"><span class='ocrx_word' id='word_1_146' title='bbox 313 4063 352 4138; x_wconf 82' lang='lat' dir='ltr'><strong>A</strong></span> <span class='ocrx_word' id='word_1_147' title='bbox 381 4088 573 4141; x_wconf 77' lang='lat' dir='ltr'>sencino</span> <span class='ocrx_word' id='word_1_148' title='bbox 603 4066 691 4141; x_wconf 90' lang='lat' dir='ltr'>abit</span> <span class='ocrx_word' id='word_1_149' title='bbox 717 4066 889 4165; x_wconf 83' lang='lat' dir='ltr'>uspiam.</span> 
     </span>
    </p>
   </div>
   <div class='ocr_carea' id='block_1_10' title="bbox 208 4222 1052 4645">
    <p class='ocr_par' dir='ltr' id='par_1_22' title="bbox 208 4222 1047 4326">
     <span class='ocr_line' id='line_1_32' title="bbox 208 4222 1047 4326; baseline 0 -26"><span class='ocrx_word' id='word_1_150' title='bbox 208 4225 298 4300; x_wconf 91' lang='lat' dir='ltr'>Iam</span> <span class='ocrx_word' id='word_1_151' title='bbox 326 4222 409 4313; x_wconf 83' lang='lat' dir='ltr'>fidi,</span> <span class='ocrx_word' id='word_1_152' title='bbox 438 4224 631 4316; x_wconf 79' lang='lat' dir='ltr'>Pericles,</span> <span class='ocrx_word' id='word_1_153' title='bbox 662 4226 877 4300; x_wconf 87' lang='lat' dir='ltr'>consilium</span> <span class='ocrx_word' id='word_1_154' title='bbox 906 4227 1047 4326; x_wconf 87' lang='lat' dir='ltr'>accipe</span> 
     </span>
    </p>

    <p class='ocr_par' dir='ltr' id='par_1_23' title="bbox 208 4329 1006 4433">
     <span class='ocr_line' id='line_1_33' title="bbox 208 4329 1006 4433; baseline 0.003 -27"><span class='ocrx_word' id='word_1_155' title='bbox 208 4329 384 4406; x_wconf 80' lang='lat' dir='ltr'>Fratris:</span> <span class='ocrx_word' id='word_1_156' title='bbox 415 4331 449 4404; x_wconf 88' lang='lat' dir='ltr'>si</span> <span class='ocrx_word' id='word_1_157' title='bbox 477 4331 553 4406; x_wconf 92' lang='lat' dir='ltr'>tibi</span> <span class='ocrx_word' id='word_1_158' title='bbox 581 4332 664 4407; x_wconf 89' lang='lat' dir='ltr'>sint</span> <span class='ocrx_word' id='word_1_159' title='bbox 691 4333 804 4406; x_wconf 88' lang='lat' dir='ltr'>nulla</span> <span class='ocrx_word' id='word_1_160' title='bbox 830 4332 1006 4433; x_wconf 84' lang='lat' dir='ltr'>piacula,</span> 
     </span>
    </p>

    <p class='ocr_par' dir='ltr' id='par_1_24' title="bbox 211 4438 1052 4645">
     <span class='ocr_line' id='line_1_34' title="bbox 211 4438 1052 4538; baseline -0.001 -24"><span class='ocrx_word' id='word_1_161' title='bbox 211 4438 255 4514; x_wconf 87' lang='lat' dir='ltr'>Si</span> <span class='ocrx_word' id='word_1_162' title='bbox 282 4462 366 4512; x_wconf 93' lang='lat' dir='ltr'>non</span> <span class='ocrx_word' id='word_1_163' title='bbox 393 4440 539 4512; x_wconf 87' lang='lat' dir='ltr'>umbra</span> <span class='ocrx_word' id='word_1_164' title='bbox 565 4439 666 4513; x_wconf 88' lang='lat' dir='ltr'>levis</span> <span class='ocrx_word' id='word_1_165' title='bbox 696 4438 876 4513; x_wconf 81' lang='lat' dir='ltr'>criminis</span> <span class='ocrx_word' id='word_1_166' title='bbox 905 4439 1052 4538; x_wconf 81' lang='lat' dir='ltr'>arguit,</span> 
     </span>
     <span class='ocr_line' id='line_1_35' title="bbox 318 4544 887 4645; baseline 0.002 -27"><span class='ocrx_word' id='word_1_167' title='bbox 318 4544 412 4619; x_wconf 91' lang='lat' dir='ltr'>Non</span> <span class='ocrx_word' id='word_1_168' title='bbox 441 4544 573 4620; x_wconf 85' lang='lat' dir='ltr'>omnis</span> <span class='ocrx_word' id='word_1_169' title='bbox 600 4545 715 4645; x_wconf 89' lang='lat' dir='ltr'>regio</span> <span class='ocrx_word' id='word_1_170' title='bbox 744 4545 887 4620; x_wconf 83' lang='lat' dir='ltr'>iuvat?</span> 
     </span>
    </p>
   </div>
   <div class='ocr_carea' id='block_1_11' title="bbox 0 0 1624 5154">
    <p class='ocr_par' dir='ltr' id='par_1_25' title="bbox 0 0 1624 5154">
     <span class='ocr_line' id='line_1_36' title="bbox 0 0 1624 5154; baseline 0 0"><span class='ocrx_word' id='word_1_171' title='bbox 0 0 1624 5154; x_wconf 95' lang='lat' dir='ltr'> </span> 
     </span>
    </p>
   </div>
  </div>
 </body>
</html>
