3164 5154
174 224 216 283 78
735 218 949 276 casuum

278 413 339 492 At
372 416 407 491 si
438 415 627 492 destituit
654 415 781 492 decus
822 511 826 517 ἢ

387 521 621 599 Germanae
649 523 758 615 fidei,
788 521 897 599 fallit
932 523 1072 624 opinio

282 627 326 703 Si
355 630 535 706 mendax
561 629 756 722 animum,
786 629 903 706 iuvet

384 735 583 836 Demergi
612 736 758 835 Stygio
787 746 829 812 te
858 735 1000 838 potius
1027 738 1133 814 lacu.

280 841 408 915 Heroi
439 843 538 941 quid
566 843 754 935 atrocius,

385 947 520 1038 Quam
548 949 582 1023 si
609 949 757 1049 lingua
784 972 857 1023 suo
885 954 1056 1050 pectore
1085 950 1327 1054 discrepet?

280 1053 401 1129 Hanc
429 1054 567 1130 labem
595 1055 739 1155 procul
768 1079 916 1130 amove

384 1160 472 1237 Nec
502 1161 727 1262 quidquam
755 1161 942 1238 tumidae
969 1163 1052 1239 fide
1079 1164 1328 1264 proterviae.
1412 1218 1431 1256 η

276 1266 458 1366 Tempus
488 1268 648 1365 detegit
676 1268 829 1360 omnia,

384 1373 499 1464 Quae
527 1399 666 1450 rumor
694 1375 828 1450 dubiis
856 1373 1028 1451 vocibus
1056 1376 1224 1453 occulit.

766 1867 863 1932 XVI.

315 2062 591 2140 ILLUSTRIS
619 2063 948 2141 IUVENTUTIS
976 2065 1306 2146 INSTITUTIO.

274 2238 420 2314 Poscis
450 2239 680 2331 consilium,
711 2239 801 2339 quis
829 2246 901 2314 tua
920 2246 1110 2340 tempora
1302 2257 1352 2313 foi
1372 2260 1417 2315 34*

274 2345 498 2444 Impendas
527 2345 684 2437 studiis,
713 2370 868 2445 magna
894 2347 1066 2445 negotia

273 2452 460 2527 Tandem
488 2459 536 2527 ut
563 2452 778 2544 sustineas,
807 2459 855 2528 ut
880 2453 1011 2528 veteri
1040 2452 1162 2529 decet

380 2560 431 2633 Et
459 2559 572 2635 claro
602 2582 755 2657 genere
784 2558 952 2634 editum.

272 2717 475 2793 Maiorum
502 2742 693 2793 reverens
723 2718 834 2792 iussa
860 2717 1090 2818 peregeris;

273 2822 337 2898 Sis
367 2824 553 2924 quamvis
583 2824 756 2923 sapiens,
784 2822 952 2900 arbitrio
982 2849 1126 2900 senum

271 2929 331 3005 Te
359 2931 554 3030 permitte
582 2931 693 3030 regi:
722 2936 843 3030 turpe
872 2931 1090 3029 superbiae

378 3036 546 3114 Crimen
575 3038 725 3113 cedere
751 3037 919 3113 nemini.

271 3195 387 3286 Quae
415 3201 479 3272 tot
507 3197 659 3273 damna
688 3196 804 3272 dedit
829 3196 1046 3271 moenibus
1074 3194 1141 3271 Ilii

269 3304 323 3378 Et
351 3303 497 3379 stravit
524 3303 680 3378 Priami
709 3328 839 3402 regna
866 3302 1033 3395 ferocia,

271 3407 462 3484 Chironis
490 3408 632 3487 timuit
659 3410 900 3486 Thessalica
926 3410 1039 3509 prius

378 3514 463 3590 Sub
491 3540 593 3614 rupe
621 3516 841 3616 imperium
868 3540 1027 3592 manus.

266 3674 328 3749 Ne
358 3674 479 3750 docto
507 3674 651 3774 pigeat
676 3674 887 3750 Pieridum
916 3675 1041 3749 choro

266 3780 433 3857 Illustre
460 3781 676 3881 ingenium
705 3781 890 3873 subdere,
921 3781 1019 3855 dum
1048 3781 1149 3856 sinit

266 3884 399 3962 Aetas
428 3886 598 3962 utilibus
627 3887 837 3986 percolere
865 3888 1022 3963 artibus

373 3993 652 4093 Iucundisque
681 3993 878 4069 scientiis.

264 4149 326 4227 At
351 4159 571 4253 postquam
599 4153 736 4229 valido
764 4154 911 4229 robore
931 4152 1119 4247 creveris,

264 4258 334 4333 Ad
360 4259 507 4335 Martis
536 4259 671 4336 subito
700 4267 743 4335 te
770 4259 922 4335 referas
951 4260 1137 4336 scholam

264 4364 523 4467 Ardentique
552 4365 691 4442 animo
720 4366 838 4442 trade
866 4366 1088 4461 laboribuS,

370 4466 519 4572 Frigus
549 4473 660 4550 disce
688 4473 777 4573 pati
806 4498 855 4549 ac
884 4473 1049 4567 famem,
