3164 5154
548 255 622 310 LlB.
640 254 680 309 ll.
701 258 777 311 1-2.

181 455 402 531 Praeclara
431 480 536 554 quae
566 461 672 546 sunt,
703 454 832 529 ardua
860 461 957 529 sunt
984 454 1114 528 simul.

180 562 311 637 Multo
341 562 600 662 triumphant
629 561 830 661 sanguine
858 560 1031 637 milites:

236 666 467 743 Audaciam
496 695 520 745 a
550 693 647 743 casu
675 674 888 743 resumunt

288 775 428 875 Atque
458 776 640 852 animum
670 800 695 851 a
722 775 882 876 trepido
910 776 1102 851 tumultu.

186 936 501 1035 Quemcumque
530 935 659 1010 dulcis
689 935 804 1011 ducit
831 936 992 1020 adorea,

181 1043 356 1119 luvadat
383 1044 545 1118 hostem
574 1042 744 1118 caedere
772 1043 978 1142 pertinax:

236 1149 448 1225 Victoriae
477 1149 633 1225 celsum
661 1150 907 1248 trophaeum

289 1256 388 1347 Quis
417 1257 574 1349 statuit,
603 1257 684 1331 nisi
712 1257 846 1332 victor
875 1256 1022 1331 armis?

635 1911 679 1975 ll.

207 2128 280 2204 AD
310 2126 563 2205 PRISCUMJ
598 2127 872 2205 SIMULATA
901 2126 1111 2204 VIRTUS.

180 2343 271 2417 Non
299 2341 375 2417 tibi
402 2341 542 2434 virtue,
573 2342 645 2416 sed
673 2342 811 2441 imago
840 2349 1015 2432 tantum,
1153 2358 1204 2412 fol.
1224 2359 1279 2413 rav·

180 2449 331 2540 Prisce,
361 2448 523 2524 virtutis
550 2449 685 2525 radiat
712 2450 899 2526 modesto

180 2557 271 2645 Ore,
298 2581 383 2630 non
410 2581 541 2646 verus,
572 2556 787 2632 simulatus
815 2556 937 2631 ardor

285 2664 459 2738 Pectore
489 2664 604 2738 caeli.

178 2823 304 2898 Ducit
330 2822 518 2898 insanum
549 2824 756 2923 popularis
784 2848 902 2898 aura:

179 2929 351 3005 Publice
382 2931 542 3030 quaeris
570 2931 736 3029 gravior
763 2938 920 3022 senatu,

177 3037 359 3112 Moribus
389 3039 509 3136 vulgo
538 3038 682 3112 niveus
711 3037 854 3127 videri,

285 3143 465 3219 Crimine
494 3144 606 3218 liber.

177 3302 275 3378 Vita
302 3303 497 3404 privatim
525 3303 626 3379 vitio
654 3305 817 3379 laborat

177 3410 405 3485 Fraudibus
433 3411 609 3487 miscens
639 3410 827 3511 Cypridis
857 3435 1072 3500 venenum,

177 3517 368 3616 'Purgidis
397 3543 565 3593 versans
594 3519 755 3615 cyathis
783 3519 967 3614 Lyaeum

282 3625 426 3700 Noctis
456 3625 499 3698 in
527 3629 692 3700 umbra.

175 3783 294 3858 Ficta
320 3809 405 3859 non
433 3785 593 3861 durant.
623 3785 820 3859 Animum
851 3786 1037 3860 dolosum

176 3890 308 3990 Saepe
338 3892 450 3966 frons
479 3892 628 3991 prodit,
659 3893 852 3992 cupidum
880 3893 1048 3968 labella:

177 3997 309 4087 Quem
338 3998 453 4074 iuvat
479 4024 632 4085 rerum,
662 4000 834 4074 meliora
862 4001 1031 4075 tandem

282 4104 388 4181 Fata
416 4112 644 4205 sequentur.
