<?xml version="1.0" encoding="UTF-8"?>
<!DOCTYPE html PUBLIC "-//W3C//DTD XHTML 1.0 Transitional//EN"
    "http://www.w3.org/TR/xhtml1/DTD/xhtml1-transitional.dtd">
<html xmlns="http://www.w3.org/1999/xhtml" xml:lang="en" lang="en">
 <head>
  <title>
</title>
<meta http-equiv="Content-Type" content="text/html;charset=utf-8" />
  <meta name='ocr-system' content='tesseract 3.04.00' />
  <meta name='ocr-capabilities' content='ocr_page ocr_carea ocr_par ocr_line ocrx_word'/>
</head>
<body>
  <div class='ocr_page' id='page_1' title='image "./psimonrettenbac00lehngoog/psimonrettenbac00lehngoog_0076.png"; bbox 0 0 3218 5144; ppageno 0'>
   <div class='ocr_carea' id='block_1_1' title="bbox 516 227 732 285">
    <p class='ocr_par' dir='ltr' id='par_1_1' title="bbox 516 227 732 285">
     <span class='ocr_line' id='line_1_1' title="bbox 516 227 732 285; baseline 0 -3"><span class='ocrx_word' id='word_1_1' title='bbox 516 227 591 282; x_wconf 91' lang='lat' dir='ltr'>LIB.</span> <span class='ocrx_word' id='word_1_2' title='bbox 610 228 633 283; x_wconf 93' lang='lat' dir='ltr'>I.</span> <span class='ocrx_word' id='word_1_3' title='bbox 652 230 732 285; x_wconf 83' lang='grc'><strong>4-6.</strong></span> 
     </span>
    </p>
   </div>
   <div class='ocr_carea' id='block_1_2' title="bbox 190 425 1133 845">
    <p class='ocr_par' dir='ltr' id='par_1_2' title="bbox 190 425 1133 845">
     <span class='ocr_line' id='line_1_2' title="bbox 191 425 1085 526; baseline 0.003 -26"><span class='ocrx_word' id='word_1_4' title='bbox 191 427 459 525; x_wconf 79' lang='lat' dir='ltr'><strong>Franguntur</strong></span> <span class='ocrx_word' id='word_1_5' title='bbox 487 425 656 500; x_wconf 87' lang='lat' dir='ltr'>tumidis</span> <span class='ocrx_word' id='word_1_6' title='bbox 683 426 777 501; x_wconf 88' lang='lat' dir='ltr'>vela</span> <span class='ocrx_word' id='word_1_7' title='bbox 803 425 1085 526; x_wconf 84' lang='lat' dir='ltr'>Aquilonibus</span> 
     </span>
     <span class='ocr_line' id='line_1_3' title="bbox 190 532 1133 631; baseline 0.002 -23"><span class='ocrx_word' id='word_1_8' title='bbox 190 532 498 631; x_wconf 88' lang='lat' dir='ltr'>Antennaeque</span> <span class='ocrx_word' id='word_1_9' title='bbox 526 538 700 630; x_wconf 86' lang='lat' dir='ltr'>gemunt</span> <span class='ocrx_word' id='word_1_10' title='bbox 725 558 803 607; x_wconf 89' lang='lat' dir='ltr'>nec</span> <span class='ocrx_word' id='word_1_11' title='bbox 832 540 950 609; x_wconf 90' lang='lat' dir='ltr'>tenet</span> <span class='ocrx_word' id='word_1_12' title='bbox 977 558 1133 610; x_wconf 88' lang='lat' dir='ltr'>ancora</span> 
     </span>
     <span class='ocr_line' id='line_1_4' title="bbox 244 639 725 715; baseline -0.004 -1"><span class='ocrx_word' id='word_1_13' title='bbox 244 640 401 714; x_wconf 83' lang='lat' dir='ltr'>Alnum</span> <span class='ocrx_word' id='word_1_14' title='bbox 431 640 557 714; x_wconf 88' lang='lat' dir='ltr'>dente</span> <span class='ocrx_word' id='word_1_15' title='bbox 586 639 725 715; x_wconf 87' lang='lat' dir='ltr'>tenaci</span> 
     </span>
     <span class='ocr_line' id='line_1_5' title="bbox 298 744 869 845; baseline -0.004 -24"><span class='ocrx_word' id='word_1_16' title='bbox 298 744 447 845; x_wconf 89' lang='lat' dir='ltr'>Ruptis</span> <span class='ocrx_word' id='word_1_17' title='bbox 475 744 641 821; x_wconf 88' lang='lat' dir='ltr'>funibus</span> <span class='ocrx_word' id='word_1_18' title='bbox 671 745 869 821; x_wconf 86' lang='lat' dir='ltr'>omnibus.</span> 
     </span>
    </p>
   </div>
   <div class='ocr_carea' id='block_1_3' title="bbox 188 904 1036 1323">
    <p class='ocr_par' dir='ltr' id='par_1_3' title="bbox 188 904 1036 1323">
     <span class='ocr_line' id='line_1_6' title="bbox 189 904 1036 1005; baseline 0.002 -27"><span class='ocrx_word' id='word_1_19' title='bbox 189 905 428 1005; x_wconf 84' lang='lat' dir='ltr'>Deprensus</span> <span class='ocrx_word' id='word_1_20' title='bbox 458 904 593 979; x_wconf 90' lang='lat' dir='ltr'>dubiis</span> <span class='ocrx_word' id='word_1_21' title='bbox 623 929 702 1004; x_wconf 93' lang='lat' dir='ltr'>quo</span> <span class='ocrx_word' id='word_1_22' title='bbox 731 905 889 1004; x_wconf 88' lang='lat' dir='ltr'>poteris</span> <span class='ocrx_word' id='word_1_23' title='bbox 919 905 1036 980; x_wconf 83' lang='lat' dir='ltr'>vadis</span> 
     </span>
     <span class='ocr_line' id='line_1_7' title="bbox 188 1009 943 1111; baseline 0.003 -26"><span class='ocrx_word' id='word_1_24' title='bbox 188 1011 356 1087; x_wconf 85' lang='lat' dir='ltr'>Evitare</span> <span class='ocrx_word' id='word_1_25' title='bbox 383 1012 508 1086; x_wconf 89' lang='lat' dir='ltr'>modo</span> <span class='ocrx_word' id='word_1_26' title='bbox 538 1009 656 1086; x_wconf 89' lang='lat' dir='ltr'>triste</span> <span class='ocrx_word' id='word_1_27' title='bbox 685 1011 943 1111; x_wconf 82' lang='lat' dir='ltr'>periculum?</span> 
     </span>
     <span class='ocr_line' id='line_1_8' title="bbox 242 1118 772 1193; baseline 0 -1"><span class='ocrx_word' id='word_1_28' title='bbox 242 1119 407 1193; x_wconf 83' lang='lat' dir='ltr'>Flebis?</span> <span class='ocrx_word' id='word_1_29' title='bbox 436 1118 620 1192; x_wconf 87' lang='lat' dir='ltr'>Numina</span> <span class='ocrx_word' id='word_1_30' title='bbox 648 1119 772 1192; x_wconf 89' lang='lat' dir='ltr'>surda</span> 
     </span>
     <span class='ocr_line' id='line_1_9' title="bbox 295 1223 818 1323; baseline 0 -24"><span class='ocrx_word' id='word_1_31' title='bbox 295 1223 365 1299; x_wconf 87' lang='lat' dir='ltr'>Ad</span> <span class='ocrx_word' id='word_1_32' title='bbox 392 1249 516 1300; x_wconf 90' lang='lat' dir='ltr'>voces</span> <span class='ocrx_word' id='word_1_33' title='bbox 545 1224 818 1323; x_wconf 88' lang='lat' dir='ltr'>pereuntium.</span> 
     </span>
    </p>
   </div>
   <div class='ocr_carea' id='block_1_4' title="bbox 188 1383 1016 1803">
    <p class='ocr_par' dir='ltr' id='par_1_4' title="bbox 188 1383 1016 1803">
     <span class='ocr_line' id='line_1_10' title="bbox 188 1383 1007 1484; baseline 0 -26"><span class='ocrx_word' id='word_1_34' title='bbox 188 1385 237 1458; x_wconf 88' lang='lat' dir='ltr'>In</span> <span class='ocrx_word' id='word_1_35' title='bbox 265 1391 430 1484; x_wconf 85' lang='lat' dir='ltr'>portum</span> <span class='ocrx_word' id='word_1_36' title='bbox 459 1383 598 1482; x_wconf 87' lang='lat' dir='ltr'>potius</span> <span class='ocrx_word' id='word_1_37' title='bbox 626 1390 668 1458; x_wconf 88' lang='lat' dir='ltr'>te</span> <span class='ocrx_word' id='word_1_38' title='bbox 695 1383 803 1458; x_wconf 88' lang='lat' dir='ltr'>refer</span> <span class='ocrx_word' id='word_1_39' title='bbox 830 1409 855 1458; x_wconf 86' lang='lat' dir='ltr'>a</span> <span class='ocrx_word' id='word_1_40' title='bbox 882 1383 1007 1458; x_wconf 91' lang='lat' dir='ltr'>minis</span> 
     </span>
     <span class='ocr_line' id='line_1_11' title="bbox 189 1490 1016 1588; baseline -0.001 -23"><span class='ocrx_word' id='word_1_41' title='bbox 189 1490 399 1565; x_wconf 87' lang='lat' dir='ltr'>Commoti</span> <span class='ocrx_word' id='word_1_42' title='bbox 427 1490 581 1588; x_wconf 85' lang='lat' dir='ltr'>pelagi:</span> <span class='ocrx_word' id='word_1_43' title='bbox 613 1491 710 1564; x_wconf 93' lang='lat' dir='ltr'>dum</span> <span class='ocrx_word' id='word_1_44' title='bbox 738 1490 848 1580; x_wconf 87' lang='lat' dir='ltr'>licet,</span> <span class='ocrx_word' id='word_1_45' title='bbox 882 1491 1016 1588; x_wconf 82' lang='lat' dir='ltr'>effuge</span> 
     </span>
     <span class='ocr_line' id='line_1_12' title="bbox 241 1597 775 1695; baseline 0 -25"><span class='ocrx_word' id='word_1_46' title='bbox 241 1597 429 1673; x_wconf 87' lang='lat' dir='ltr'>Prudens</span> <span class='ocrx_word' id='word_1_47' title='bbox 457 1597 604 1671; x_wconf 87' lang='lat' dir='ltr'>limina</span> <span class='ocrx_word' id='word_1_48' title='bbox 630 1623 775 1695; x_wconf 85' lang='lat' dir='ltr'>regum</span> 
     </span>
     <span class='ocr_line' id='line_1_13' title="bbox 293 1702 922 1803; baseline -0.003 -24"><span class='ocrx_word' id='word_1_49' title='bbox 293 1703 435 1803; x_wconf 87' lang='lat' dir='ltr'>Atque</span> <span class='ocrx_word' id='word_1_50' title='bbox 461 1705 597 1778; x_wconf 89' lang='lat' dir='ltr'>intuta</span> <span class='ocrx_word' id='word_1_51' title='bbox 625 1705 777 1778; x_wconf 88' lang='lat' dir='ltr'>ducum</span> <span class='ocrx_word' id='word_1_52' title='bbox 805 1702 922 1778; x_wconf 85' lang='lat' dir='ltr'>atria.</span> 
     </span>
    </p>
   </div>
   <div class='ocr_carea' id='block_1_5' title="bbox 187 1862 1255 2283">
    <p class='ocr_par' dir='ltr' id='par_1_5' title="bbox 187 1862 1255 2283">
     <span class='ocr_line' id='line_1_14' title="bbox 187 1862 1062 1963; baseline 0.001 -27"><span class='ocrx_word' id='word_1_53' title='bbox 187 1864 361 1938; x_wconf 86' lang='lat' dir='ltr'>Laetam</span> <span class='ocrx_word' id='word_1_54' title='bbox 393 1863 505 1938; x_wconf 89' lang='lat' dir='ltr'>disce</span> <span class='ocrx_word' id='word_1_55' title='bbox 534 1862 672 1937; x_wconf 88' lang='lat' dir='ltr'>animo</span> <span class='ocrx_word' id='word_1_56' title='bbox 700 1862 939 1963; x_wconf 82' lang='lat' dir='ltr'>pauperiem</span> <span class='ocrx_word' id='word_1_57' title='bbox 969 1864 1062 1961; x_wconf 86' lang='lat' dir='ltr'>pati</span> 
     </span>
     <span class='ocr_line' id='line_1_15' title="bbox 187 1969 930 2058; baseline -0.001 -15"><span class='ocrx_word' id='word_1_58' title='bbox 187 1970 241 2044; x_wconf 83' lang='lat' dir='ltr'>Et</span> <span class='ocrx_word' id='word_1_59' title='bbox 269 1995 388 2044; x_wconf 90' lang='lat' dir='ltr'>curas</span> <span class='ocrx_word' id='word_1_60' title='bbox 417 1995 560 2046; x_wconf 88' lang='lat' dir='ltr'>reseca</span> <span class='ocrx_word' id='word_1_61' title='bbox 589 1970 723 2045; x_wconf 90' lang='lat' dir='ltr'>cordis</span> <span class='ocrx_word' id='word_1_62' title='bbox 751 1969 930 2058; x_wconf 88' lang='lat' dir='ltr'>inutiles,</span> 
     </span>
     <span class='ocr_line' id='line_1_16' title="bbox 246 2076 794 2177; baseline 0 -27"><span class='ocrx_word' id='word_1_63' title='bbox 246 2076 410 2176; x_wconf 83' lang='lat' dir='ltr'>Aegrcs</span> <span class='ocrx_word' id='word_1_64' title='bbox 439 2102 548 2177; x_wconf 90' lang='lat' dir='ltr'>pone</span> <span class='ocrx_word' id='word_1_65' title='bbox 577 2078 794 2151; x_wconf 86' lang='lat' dir='ltr'>tumultus:</span> 
     </span>
     <span class='ocr_line' id='line_1_17' title="bbox 301 2181 1255 2283; baseline -0.003 -24"><span class='ocrx_word' id='word_1_66' title='bbox 301 2183 369 2259; x_wconf 86' lang='lat' dir='ltr'>Sic</span> <span class='ocrx_word' id='word_1_67' title='bbox 396 2210 571 2283; x_wconf 84' lang='lat' dir='ltr'>regnum</span> <span class='ocrx_word' id='word_1_68' title='bbox 599 2185 688 2282; x_wconf 90' lang='lat' dir='ltr'>ipse</span> <span class='ocrx_word' id='word_1_69' title='bbox 717 2182 835 2258; x_wconf 86' lang='lat' dir='ltr'>dabis</span> <span class='ocrx_word' id='word_1_70' title='bbox 863 2181 951 2257; x_wconf 92' lang='lat' dir='ltr'>tibi.</span> <span class='ocrx_word' id='word_1_71' title='bbox 1228 2233 1255 2274; x_wconf 48' lang='grc' dir='ltr'><strong>Μ</strong></span> 
     </span>
    </p>
   </div>
   <div class='ocr_carea' id='block_1_6' title="bbox 590 2766 649 2832">
    <p class='ocr_par' dir='ltr' id='par_1_6' title="bbox 590 2766 649 2832">
     <span class='ocr_line' id='line_1_18' title="bbox 590 2766 649 2832; baseline 0.051 -4"><span class='ocrx_word' id='word_1_72' title='bbox 590 2766 649 2832; x_wconf 85' lang='lat' dir='ltr'>VI.</span> 
     </span>
    </p>
   </div>
   <div class='ocr_carea' id='block_1_7' title="bbox 317 2977 917 3056">
    <p class='ocr_par' dir='ltr' id='par_1_7' title="bbox 317 2977 917 3056">
     <span class='ocr_line' id='line_1_19' title="bbox 317 2977 917 3056; baseline -0.003 -2"><span class='ocrx_word' id='word_1_73' title='bbox 317 2979 576 3056; x_wconf 89' lang='lat' dir='ltr'>FORTUNA</span> <span class='ocrx_word' id='word_1_74' title='bbox 605 2979 674 3054; x_wconf 90' lang='lat' dir='ltr'>ET</span> <span class='ocrx_word' id='word_1_75' title='bbox 704 2977 917 3054; x_wconf 85' lang='lat' dir='ltr'><strong>CUPIDO.</strong></span> 
     </span>
    </p>
   </div>
   <div class='ocr_carea' id='block_1_8' title="bbox 194 3188 1248 3601">
    <p class='ocr_par' dir='ltr' id='par_1_8' title="bbox 194 3188 1248 3494">
     <span class='ocr_line' id='line_1_20' title="bbox 197 3188 1248 3289; baseline -0.006 -24"><span class='ocrx_word' id='word_1_76' title='bbox 197 3189 288 3279; x_wconf 83' lang='lat' dir='ltr'>Quo</span> <span class='ocrx_word' id='word_1_77' title='bbox 309 3191 495 3265; x_wconf 84' lang='lat' dir='ltr'>Fortuna</span> <span class='ocrx_word' id='word_1_78' title='bbox 525 3189 677 3265; x_wconf 84' lang='lat' dir='ltr'>trahit?</span> <span class='ocrx_word' id='word_1_79' title='bbox 706 3215 786 3288; x_wconf 89' lang='lat' dir='ltr'>quo</span> <span class='ocrx_word' id='word_1_80' title='bbox 807 3188 982 3265; x_wconf 87' lang='lat' dir='ltr'>Veneris</span> <span class='ocrx_word' id='word_1_81' title='bbox 1001 3215 1105 3289; x_wconf 91' lang='lat' dir='ltr'>puer</span> <span class='ocrx_word' id='word_1_82' title='bbox 1143 3204 1193 3258; x_wconf 78' lang='lat' dir='ltr'><strong>fol.</strong></span> <span class='ocrx_word' id='word_1_83' title='bbox 1212 3205 1248 3259; x_wconf 64' lang='lat'>31·</span> 
     </span>
     <span class='ocr_line' id='line_1_21' title="bbox 194 3296 1056 3387; baseline -0.002 -15"><span class='ocrx_word' id='word_1_84' title='bbox 194 3296 385 3373; x_wconf 80' lang='lat' dir='ltr'>Abducit</span> <span class='ocrx_word' id='word_1_85' title='bbox 412 3297 619 3387; x_wconf 86' lang='lat' dir='ltr'>miserum,</span> <span class='ocrx_word' id='word_1_86' title='bbox 651 3321 744 3371; x_wconf 88' lang='lat' dir='ltr'>care</span> <span class='ocrx_word' id='word_1_87' title='bbox 771 3296 1056 3372; x_wconf 78' lang='lat' dir='ltr'>Menecrates?</span> 
     </span>
     <span class='ocr_line' id='line_1_22' title="bbox 196 3403 1079 3494; baseline -0.001 -15"><span class='ocrx_word' id='word_1_88' title='bbox 196 3403 298 3494; x_wconf 81' lang='lat' dir='ltr'>Quis</span> <span class='ocrx_word' id='word_1_89' title='bbox 329 3411 372 3479; x_wconf 87' lang='lat' dir='ltr'>te</span> <span class='ocrx_word' id='word_1_90' title='bbox 401 3411 487 3478; x_wconf 86' lang='lat' dir='ltr'>tam</span> <span class='ocrx_word' id='word_1_91' title='bbox 519 3404 667 3478; x_wconf 88' lang='lat' dir='ltr'>validis</span> <span class='ocrx_word' id='word_1_92' title='bbox 695 3403 869 3478; x_wconf 84' lang='lat' dir='ltr'>nexibus</span> <span class='ocrx_word' id='word_1_93' title='bbox 899 3404 1079 3479; x_wconf 76' lang='lat' dir='ltr'>eximet?</span> 
     </span>
    </p>

    <p class='ocr_par' dir='ltr' id='par_1_9' title="bbox 302 3509 884 3601">
     <span class='ocr_line' id='line_1_23' title="bbox 302 3509 884 3601; baseline 0.002 -17"><span class='ocrx_word' id='word_1_94' title='bbox 302 3509 402 3601; x_wconf 80' lang='lat' dir='ltr'>Quis</span> <span class='ocrx_word' id='word_1_95' title='bbox 432 3512 565 3585; x_wconf 89' lang='lat' dir='ltr'>solvet</span> <span class='ocrx_word' id='word_1_96' title='bbox 592 3518 665 3585; x_wconf 94' lang='lat' dir='ltr'>tua</span> <span class='ocrx_word' id='word_1_97' title='bbox 693 3511 884 3585; x_wconf 80' lang='lat' dir='ltr'>vincula?</span> 
     </span>
    </p>
   </div>
   <div class='ocr_carea' id='block_1_9' title="bbox 195 3670 1133 4089">
    <p class='ocr_par' dir='ltr' id='par_1_10' title="bbox 195 3670 1012 3747">
     <span class='ocr_line' id='line_1_24' title="bbox 195 3670 1012 3747; baseline 0.001 -2"><span class='ocrx_word' id='word_1_98' title='bbox 195 3672 311 3745; x_wconf 86' lang='lat' dir='ltr'>Haec</span> <span class='ocrx_word' id='word_1_99' title='bbox 340 3670 449 3747; x_wconf 89' lang='lat' dir='ltr'>orbis</span> <span class='ocrx_word' id='word_1_100' title='bbox 478 3670 583 3744; x_wconf 84' lang='lat' dir='ltr'>fatui</span> <span class='ocrx_word' id='word_1_101' title='bbox 613 3670 796 3744; x_wconf 85' lang='lat' dir='ltr'>maxima</span> <span class='ocrx_word' id='word_1_102' title='bbox 822 3672 1012 3746; x_wconf 84' lang='lat' dir='ltr'>numina:</span> 
     </span>
    </p>

    <p class='ocr_par' dir='ltr' id='par_1_11' title="bbox 196 3776 1043 3879">
     <span class='ocr_line' id='line_1_25' title="bbox 196 3776 1043 3879; baseline 0 -28"><span class='ocrx_word' id='word_1_103' title='bbox 196 3777 352 3852; x_wconf 82' lang='lat' dir='ltr'>Gentes</span> <span class='ocrx_word' id='word_1_104' title='bbox 382 3777 606 3876; x_wconf 87' lang='lat' dir='ltr'>decipiunt,</span> <span class='ocrx_word' id='word_1_105' title='bbox 636 3776 793 3851; x_wconf 90' lang='lat' dir='ltr'>retibus</span> <span class='ocrx_word' id='word_1_106' title='bbox 822 3777 1043 3879; x_wconf 89' lang='lat' dir='ltr'>implicant</span> 
     </span>
    </p>

    <p class='ocr_par' dir='ltr' id='par_1_12' title="bbox 195 3883 1133 4089">
     <span class='ocr_line' id='line_1_26' title="bbox 195 3883 1133 3983; baseline 0.003 -26"><span class='ocrx_word' id='word_1_107' title='bbox 195 3884 474 3983; x_wconf 87' lang='lat' dir='ltr'>Insanamque</span> <span class='ocrx_word' id='word_1_108' title='bbox 504 3890 647 3959; x_wconf 89' lang='lat' dir='ltr'>creant</span> <span class='ocrx_word' id='word_1_109' title='bbox 673 3883 902 3983; x_wconf 88' lang='lat' dir='ltr'>perniciem</span> <span class='ocrx_word' id='word_1_110' title='bbox 932 3885 1133 3976; x_wconf 85' lang='lat' dir='ltr'>omnibus,</span> 
     </span>
     <span class='ocr_line' id='line_1_27' title="bbox 303 3990 857 4089; baseline 0 -23"><span class='ocrx_word' id='word_1_111' title='bbox 303 3990 415 4081; x_wconf 82' lang='lat' dir='ltr'>Quos</span> <span class='ocrx_word' id='word_1_112' title='bbox 444 3990 665 4089; x_wconf 88' lang='lat' dir='ltr'>prudentia</span> <span class='ocrx_word' id='word_1_113' title='bbox 694 3991 857 4066; x_wconf 87' lang='lat' dir='ltr'>deserit.</span> 
     </span>
    </p>
   </div>
   <div class='ocr_carea' id='block_1_10' title="bbox 196 4148 1024 4569">
    <p class='ocr_par' dir='ltr' id='par_1_13' title="bbox 198 4148 1024 4249">
     <span class='ocr_line' id='line_1_28' title="bbox 198 4148 1024 4249; baseline 0 -25"><span class='ocrx_word' id='word_1_114' title='bbox 198 4148 426 4225; x_wconf 83' lang='lat' dir='ltr'>Coniurata</span> <span class='ocrx_word' id='word_1_115' title='bbox 454 4156 625 4224; x_wconf 90' lang='lat' dir='ltr'>movent</span> <span class='ocrx_word' id='word_1_116' title='bbox 652 4150 810 4249; x_wconf 85' lang='lat' dir='ltr'>proelia</span> <span class='ocrx_word' id='word_1_117' title='bbox 836 4150 1024 4242; x_wconf 85' lang='lat' dir='ltr'>fortibus,</span> 
     </span>
    </p>

    <p class='ocr_par' dir='ltr' id='par_1_14' title="bbox 196 4256 917 4356">
     <span class='ocr_line' id='line_1_29' title="bbox 196 4256 917 4356; baseline 0 -24"><span class='ocrx_word' id='word_1_118' title='bbox 196 4256 352 4332; x_wconf 90' lang='lat' dir='ltr'>Virtuti</span> <span class='ocrx_word' id='word_1_119' title='bbox 379 4257 530 4332; x_wconf 87' lang='lat' dir='ltr'>tacitas</span> <span class='ocrx_word' id='word_1_120' title='bbox 558 4256 730 4331; x_wconf 84' lang='lat' dir='ltr'>insidias</span> <span class='ocrx_word' id='word_1_121' title='bbox 758 4265 917 4356; x_wconf 87' lang='lat' dir='ltr'>parant,</span> 
     </span>
    </p>

    <p class='ocr_par' dir='ltr' id='par_1_15' title="bbox 197 4363 1014 4569">
     <span class='ocr_line' id='line_1_30' title="bbox 197 4363 1014 4463; baseline 0 -24"><span class='ocrx_word' id='word_1_122' title='bbox 197 4363 255 4440; x_wconf 92' lang='lat' dir='ltr'>Ut</span> <span class='ocrx_word' id='word_1_123' title='bbox 283 4364 481 4463; x_wconf 83' lang='lat' dir='ltr'>praedam</span> <span class='ocrx_word' id='word_1_124' title='bbox 511 4363 647 4438; x_wconf 88' lang='lat' dir='ltr'>subito</span> <span class='ocrx_word' id='word_1_125' title='bbox 678 4364 845 4462; x_wconf 79' lang='lat' dir='ltr'>corripit</span> <span class='ocrx_word' id='word_1_126' title='bbox 873 4364 1014 4439; x_wconf 87' lang='lat' dir='ltr'>abdita</span> 
     </span>
     <span class='ocr_line' id='line_1_31' title="bbox 305 4469 853 4569; baseline -0.002 -25"><span class='ocrx_word' id='word_1_127' title='bbox 305 4469 427 4545; x_wconf 83' lang='lat' dir='ltr'>Silvis</span> <span class='ocrx_word' id='word_1_128' title='bbox 456 4470 542 4544; x_wconf 90' lang='lat' dir='ltr'>sive</span> <span class='ocrx_word' id='word_1_129' title='bbox 571 4494 697 4569; x_wconf 90' lang='lat' dir='ltr'>specu</span> <span class='ocrx_word' id='word_1_130' title='bbox 725 4471 853 4568; x_wconf 84' lang='lat' dir='ltr'>tigris.</span> 
     </span>
    </p>
   </div>
   <div class='ocr_carea' id='block_1_11' title="bbox 0 0 1614 5144">
    <p class='ocr_par' dir='ltr' id='par_1_16' title="bbox 0 0 1614 5144">
     <span class='ocr_line' id='line_1_32' title="bbox 0 0 1614 5144; baseline 0 0"><span class='ocrx_word' id='word_1_131' title='bbox 0 0 1614 5144; x_wconf 95' lang='lat' dir='ltr'> </span> 
     </span>
    </p>
   </div>
  </div>
 </body>
</html>
