3164 5154
723 252 801 307 1-2.

339 447 516 548 Magnus
545 456 619 524 aut
645 451 776 541 heros,
807 451 995 527 animosa
1021 451 1149 529 virtus

343 556 469 632 Cuius
498 557 653 632 effulsit
681 558 840 657 patriae
867 558 1032 634 tuendis

339 663 569 755 Moenibus,
599 671 744 763 gentes
773 666 923 741 merita
949 691 1023 767 per
1050 690 1193 743 omnes

444 772 589 846 Laude
617 770 797 847 feretur?
1363 828 1387 866 ι,

337 922 426 997 Ηο0
456 929 608 998 00110111
635 928 751 998 vates
778 923 967 1022 graviore
995 924 1173 1024 plectro:

337 1030 405 1104 Me
433 1030 544 1128 rapit
569 1029 697 1105 Marci
726 1029 861 1129 pietas
888 1030 1087 1124 modesta,

336 1135 525 1213 Attrahit
551 1136 679 1212 vestis
707 1137 854 1229 tenuia,
885 1139 1066 1214 cucullus

442 1245 498 1319 Et
524 1250 624 1342 toga
650 1244 760 1319 trita.

340 1395 543 1495 Tegmine
572 1420 594 1470 0
622 1395 694 1469 vili
723 1420 945 1494 generosus
974 1397 1097 1473 ardor

334 1502 500 1578 Emicat
528 1502 644 1594 caeli,
674 1502 825 1603 tepidis
852 1503 1036 1580 favillam

335 1609 544 1685 Mentibus
573 1610 751 1685 subdens
781 1611 948 1711 Superis
977 1611 1157 1686 amicum

442 1716 628 1792 Suscitat
654 1717 811 1815 ignem:

335 1868 393 1945 Ut
419 1867 534 1943 faces
562 1868 733 1943 Phoebe
761 1868 869 1944 nitet
895 1867 1003 1944 inter
1032 1894 1185 1957 01111100,

335 1973 469 2050 Νο010
498 1999 602 2074 quae
631 1981 815 2075 surgunt,
845 1975 905 2051 ita
931 1975 1103 2051 flamma
1131 1978 1251 2068 lucet,

335 2081 428 2159 Urit
455 2082 647 2181 ingentes
676 2083 848 2176 animos,
876 2085 1022 2158 beatas

442 2188 623 2289 Corripit
649 2193 782 2265 urbes,

334 2340 437 2415 Inde
466 2340 618 2414 crebris
647 2339 848 2440 prodigiis
877 2347 1068 2416 coruscat

336 2446 460 2522 Zelus
490 2471 701 2538 accensus,
731 2446 891 2546 rapitur
917 2472 991 2548 per
1020 2449 1162 2522 orbem

334 2553 441 2630 Solis
468 2552 512 2627 in
540 2578 708 2645 morem,
736 2555 912 2654 populos
939 2554 1121 2630 iuvando

440 2660 590 2736 Suetus
618 2660 741 2736 adire.
1361 2713 1387 2752 e

334 2809 561 2885 Criminurn
590 2811 741 2902 taedet,
772 2811 971 2886 scelerum
998 2819 1198 2886 nocentes

332 2918 545 2993 Paenitet:
577 2919 740 3019 culpam
769 2918 952 2993 lacrimis
980 2917 1164 2995 fatentur

332 3026 385 3100 Et
414 3024 541 3100 sacris
569 3025 690 3100 undis
720 3025 892 3125 cupiunt
919 3024 1034 3125 piare

440 3132 592 3208 Saucia
620 3132 755 3207 corda.

332 3279 513 3356 Ausonis
541 3282 679 3357 testis:
709 3282 900 3381 quotiens
928 3282 1106 3383 Olympo

329 3390 471 3465 Mente
499 3387 675 3464 ferventi
702 3389 893 3490 precibus
922 3415 1071 3466 vocare

332 3495 450 3571 Vidit
478 3501 602 3595 atque
631 3497 733 3572 iram
763 3497 927 3572 assidue
954 3499 1141 3598 rogando

436 3601 625 3678 Flectere
655 3604 821 3679 divum?

333 3740 505 3820 Austria
532 3750 596 3820 est
623 3745 742 3820 testis
770 3745 905 3836 nimis,
936 3746 1008 3820 ah!
1037 3747 1217 3823 cruentis

328 3851 477 3925 Pressa
507 3854 582 3927 sub
611 3853 767 3943 turmis
794 3851 964 3927 1111111100
991 3859 1213 3954 postquam

329 3956 510 4033 Thracia
537 3958 693 4059 irrupit
721 3959 920 4034 laceravit
948 3984 1084 4059 agros,

434 4065 603 4141 Moenia
629 4065 756 4142 ferro:

328 4207 524 4282 Turcicas
551 4207 658 4284 votis
687 4209 849 4284 domuit
873 4210 1120 4310 phalanges:

329 4313 458 4412 Signa
484 4315 675 4390 victrices
704 4316 868 4414 aquilae
895 4315 1093 4413 fugarunt

327 4421 516 4498 Pallidae
544 4422 686 4498 lunae:
717 4423 903 4522 trepidus
930 4425 1105 4501 recessit

433 4529 576 4605 Hostis
604 4532 656 4605 ab
684 4532 797 4606 urbe.
