3164 5154
704 212 906 269 SILVARUM

377 411 476 488 Odit
502 412 675 512 ignavos
704 410 874 511 sophiae
902 411 1102 510 magister

376 521 430 596 Et
455 519 593 620 pigros
622 523 765 593 saneto
792 524 979 594 removet
1005 525 1168 594 senatu:

375 628 514 703 Rebus
543 632 586 700 et
614 624 724 701 dulci
753 625 888 700 studio
915 625 1075 701 relucet

482 733 582 809 Vita
608 734 742 808 beata.

376 893 507 967 Nemo
537 893 732 968 mortales
759 891 940 967 tenebris
969 891 1110 967 iuvare

378 999 523 1075 Suevit
550 998 746 1075 obscuris:
775 998 863 1074 fera
891 998 1109 1091 delitescit,

378 1105 492 1195 Quae
521 1112 656 1198 nocet,
687 1131 854 1205 serpens
881 1104 1039 1181 tumido
1068 1131 1229 1182 veneno

482 1209 662 1288 Abditur
690 1213 828 1290 antris.

376 1371 515 1447 Plebis
545 1371 731 1448 abscedit
757 1373 920 1472 sapiens
947 1373 1139 1465 tumultu,

376 1477 514 1554 Prosit
541 1486 588 1555 ut
614 1478 770 1573 multis;
800 1480 1026 1555 meditatur
1053 1488 1194 1572 artem,

378 1583 470 1673 Qua
496 1593 614 1685 regat
641 1611 741 1678 sese,
770 1588 965 1686 populum
993 1589 1197 1686 gubernet

481 1693 663 1792 Legibus
692 1693 840 1793 aequis.

722 2012 880 2020 -—.-

751 2292 845 2358 VIII.

322 2506 527 2585 INFIRMI
557 2508 696 2610 QUAE
724 2506 937 2584 DEBEAT
964 2506 1094 2585 ESSE
1123 2507 1277 2585 CURA.

376 2719 546 2796 Sontioo
575 2722 718 2794 morbo
746 2719 898 2795 Fabius
925 2719 1105 2794 laborat:
1270 2732 1308 2786 fol
1334 2733 1387 2786 145'·

376 2825 560 2903 Artubus
587 2825 728 2901 fractis
757 2825 964 2901 medicina
989 2826 1115 2902 nulla.

377 2933 550 3008 Plurimi
578 2931 763 3031 quamvis
791 2933 963 3010 veniant
988 2932 1122 3032 periti,

484 3041 592 3116 Cura
618 3039 779 3139 peribit.

373 3200 469 3300 Ipse
497 3201 568 3274 sed
595 3199 724 3275 vitam
752 3198 928 3274 retinere
956 3198 1093 3298 gestit,

373 3307 492 3383 Vitat
520 3314 561 3382 et
587 3312 763 3381 mortem
792 3306 974 3405 trepidus
1002 3305 1285 3405 propinquam,

373 3415 517 3489 Terret
545 3420 590 3488 ut
617 3413 794 3487 mendax
821 3437 969 3512 pueros
997 3413 1176 3488 minores

480 3521 615 3595 Larua
642 3520 707 3595 vel
735 3520 890 3594 umbra.

375 3680 504 3771 Vane,
535 3679 633 3779 quid
662 3678 823 3753 differre
851 3677 1144 3754 necessitatem

375 3787 574 3865 Ultimam
602 3785 761 3885 poscis?
790 3784 866 3860 tibi
895 3784 1183 3890 fortelparcet,

376 3894 491 3984 Quae
520 3893 625 3968 solet
651 3893 764 3984 nulli,
792 3892 1014 3967 Lachesis?
1044 3891 1142 3993 quid
1169 3892 1304 3966 horres

480 4000 670 4074 Flumina
698 3999 878 4075 Lethes?

376 4160 468 4250 ,Ins
494 4185 578 4234 non
606 4159 778 4235 transire
807 4158 933 4258 piget,
964 4158 1036 4233 sed
1064 4158 1167 4233 iram

375 4266 527 4341 Iudicis
556 4267 715 4342 tristem
744 4272 883 4341 metuo
912 4265 1115 4340 tremendi

376 4374 429 4448 Et
456 4373 593 4473 nigras
622 4399 742 4448 ranas
772 4372 918 4472 Stygia
945 4372 1094 4472 palude

482 4480 546 4556 Ae
576 4480 688 4555 oanis
718 4489 816 4555 ora‘
