<?xml version="1.0" encoding="UTF-8"?>
<!DOCTYPE html PUBLIC "-//W3C//DTD XHTML 1.0 Transitional//EN"
    "http://www.w3.org/TR/xhtml1/DTD/xhtml1-transitional.dtd">
<html xmlns="http://www.w3.org/1999/xhtml" xml:lang="en" lang="en">
 <head>
  <title>
</title>
<meta http-equiv="Content-Type" content="text/html;charset=utf-8" />
  <meta name='ocr-system' content='tesseract 3.04.00' />
  <meta name='ocr-capabilities' content='ocr_page ocr_carea ocr_par ocr_line ocrx_word'/>
</head>
<body>
  <div class='ocr_page' id='page_1' title='image "./psimonrettenbac00lehngoog/psimonrettenbac00lehngoog_0160.png"; bbox 0 0 3164 5154; ppageno 0'>
   <div class='ocr_carea' id='block_1_1' title="bbox 569 218 850 296">
    <p class='ocr_par' dir='ltr' id='par_1_1' title="bbox 569 218 850 296">
     <span class='ocr_line' id='line_1_1' title="bbox 569 218 850 296; baseline -0.004 -1"><span class='ocrx_word' id='word_1_1' title='bbox 569 236 643 295; x_wconf 82' lang='lat' dir='ltr'>nn.</span> <span class='ocrx_word' id='word_1_2' title='bbox 660 218 715 294; x_wconf 80' lang='lat' dir='ltr'>in</span> <span class='ocrx_word' id='word_1_3' title='bbox 733 218 850 296; x_wconf 55' lang='lat' dir='ltr'>aare.</span> 
     </span>
    </p>
   </div>
   <div class='ocr_carea' id='block_1_2' title="bbox 176 433 1340 3399">
    <p class='ocr_par' dir='ltr' id='par_1_2' title="bbox 176 433 887 535">
     <span class='ocr_line' id='line_1_2' title="bbox 176 433 887 535; baseline -0.01 -18"><span class='ocrx_word' id='word_1_4' title='bbox 176 439 260 517; x_wconf 85' lang='lat' dir='ltr'>Vix</span> <span class='ocrx_word' id='word_1_5' title='bbox 286 436 441 514; x_wconf 91' lang='lat' dir='ltr'>mundo</span> <span class='ocrx_word' id='word_1_6' title='bbox 471 435 686 533; x_wconf 81' lang='lat' dir='ltr'>intulimus</span> <span class='ocrx_word' id='word_1_7' title='bbox 713 433 887 535; x_wconf 74' lang='lat' dir='ltr'>pedem,</span> 
     </span>
    </p>

    <p class='ocr_par' dir='ltr' id='par_1_3' title="bbox 177 539 1123 750">
     <span class='ocr_line' id='line_1_3' title="bbox 283 539 1123 643; baseline -0.005 -22"><span class='ocrx_word' id='word_1_8' title='bbox 283 544 366 621; x_wconf 85' lang='lat' dir='ltr'>Vix</span> <span class='ocrx_word' id='word_1_9' title='bbox 393 542 757 643; x_wconf 78' lang='lat' dir='ltr'>cirdumsploimus,</span> <span class='ocrx_word' id='word_1_10' title='bbox 787 540 993 635; x_wconf 76' lang='lat' dir='ltr'>disemus,</span> <span class='ocrx_word' id='word_1_11' title='bbox 1020 539 1123 617; x_wconf 80' lang='lat' dir='ltr'>utile</span> 
     </span>
     <span class='ocr_line' id='line_1_4' title="bbox 177 648 775 750; baseline -0.005 -23"><span class='ocrx_word' id='word_1_12' title='bbox 177 651 286 744; x_wconf 86' lang='lat' dir='ltr'>Quid</span> <span class='ocrx_word' id='word_1_13' title='bbox 314 651 378 743; x_wconf 89' lang='lat' dir='ltr'>sit,</span> <span class='ocrx_word' id='word_1_14' title='bbox 408 649 596 750; x_wconf 80' lang='lat' dir='ltr'>cogimur</span> <span class='ocrx_word' id='word_1_15' title='bbox 623 648 775 746; x_wconf 69' lang='lat' dir='ltr'>egredi.</span> 
     </span>
    </p>

    <p class='ocr_par' dir='ltr' id='par_1_4' title="bbox 177 742 1135 957">
     <span class='ocr_line' id='line_1_5' title="bbox 285 742 1135 855; baseline -0.006 -22"><span class='ocrx_word' id='word_1_16' title='bbox 285 755 475 833; x_wconf 80' lang='lat' dir='ltr'>Cornicis</span> <span class='ocrx_word' id='word_1_17' title='bbox 503 753 667 831; x_wconf 85' lang='lat' dir='ltr'>vetulae</span> <span class='ocrx_word' id='word_1_18' title='bbox 697 754 788 855; x_wconf 86' lang='lat' dir='ltr'>quis</span> <span class='ocrx_word' id='word_1_19' title='bbox 815 757 1009 830; x_wconf 77' lang='lat' dir='ltr'>numerat</span> <span class='ocrx_word' id='word_1_20' title='bbox 1036 742 1135 845; x_wconf 88' lang='lat' dir='ltr'>dies,</span> 
     </span>
     <span class='ocr_line' id='line_1_6' title="bbox 177 859 846 957; baseline -0.009 -16"><span class='ocrx_word' id='word_1_21' title='bbox 177 863 310 941; x_wconf 84' lang='lat' dir='ltr'>Prisci</span> <span class='ocrx_word' id='word_1_22' title='bbox 338 861 504 939; x_wconf 87' lang='lat' dir='ltr'>saecula</span> <span class='ocrx_word' id='word_1_23' title='bbox 528 859 748 938; x_wconf 77' lang='lat' dir='ltr'>Nestoris?</span> <span class='ocrx_word' id='word_1_24' title='bbox 842 946 846 957; x_wconf 46' lang='lat'>‚</span> 
     </span>
    </p>

    <p class='ocr_par' dir='ltr' id='par_1_5' title="bbox 176 964 1077 1152">
     <span class='ocr_line' id='line_1_7' title="bbox 283 964 1077 1067; baseline -0.008 -22"><span class='ocrx_word' id='word_1_25' title='bbox 283 971 499 1046; x_wconf 85' lang='lat' dir='ltr'>Labuntur</span> <span class='ocrx_word' id='word_1_26' title='bbox 527 966 652 1044; x_wconf 90' lang='lat' dir='ltr'>celeri</span> <span class='ocrx_word' id='word_1_27' title='bbox 680 966 740 1042; x_wconf 91' lang='lat' dir='ltr'>sic</span> <span class='ocrx_word' id='word_1_28' title='bbox 768 965 876 1067; x_wconf 90' lang='lat' dir='ltr'>pede</span> <span class='ocrx_word' id='word_1_29' title='bbox 893 964 1077 1056; x_wconf 88' lang='lat' dir='ltr'>flumina,</span> 
     </span>
     <span class='ocr_line' id='line_1_8' title="bbox 176 1072 765 1152; baseline -0.007 0"><span class='ocrx_word' id='word_1_30' title='bbox 176 1075 277 1152; x_wconf 87' lang='lat' dir='ltr'>Vita</span> <span class='ocrx_word' id='word_1_31' title='bbox 304 1081 352 1152; x_wconf 89' lang='lat' dir='ltr'>ut</span> <span class='ocrx_word' id='word_1_32' title='bbox 377 1080 519 1151; x_wconf 89' lang='lat' dir='ltr'>nostra</span> <span class='ocrx_word' id='word_1_33' title='bbox 544 1072 765 1150; x_wconf 90' lang='lat' dir='ltr'>revertitur</span> 
     </span>
    </p>

    <p class='ocr_par' dir='ltr' id='par_1_6' title="bbox 176 1175 1338 1387">
     <span class='ocr_line' id='line_1_9' title="bbox 283 1175 1338 1280; baseline -0.006 -24"><span class='ocrx_word' id='word_1_34' title='bbox 283 1179 354 1256; x_wconf 84' lang='lat' dir='ltr'>Ad</span> <span class='ocrx_word' id='word_1_35' title='bbox 380 1180 534 1280; x_wconf 90' lang='lat' dir='ltr'>primas</span> <span class='ocrx_word' id='word_1_36' title='bbox 561 1181 766 1270; x_wconf 76' lang='lat' dir='ltr'>tenebras,</span> <span class='ocrx_word' id='word_1_37' title='bbox 795 1177 940 1253; x_wconf 82' lang='lat' dir='ltr'>mortis</span> <span class='ocrx_word' id='word_1_38' title='bbox 969 1175 1184 1275; x_wconf 81' lang='lat' dir='ltr'>originem.</span> <span class='ocrx_word' id='word_1_39' title='bbox 1311 1226 1338 1268; x_wconf 86' lang='lat'><strong>„</strong></span> 
     </span>
     <span class='ocr_line' id='line_1_10' title="bbox 176 1285 712 1387; baseline -0.004 -25"><span class='ocrx_word' id='word_1_40' title='bbox 176 1286 263 1363; x_wconf 89' lang='lat' dir='ltr'>Isto</span> <span class='ocrx_word' id='word_1_41' title='bbox 293 1287 385 1387; x_wconf 92' lang='lat' dir='ltr'>quis</span> <span class='ocrx_word' id='word_1_42' title='bbox 413 1285 547 1386; x_wconf 89' lang='lat' dir='ltr'>spatio</span> <span class='ocrx_word' id='word_1_43' title='bbox 577 1292 712 1384; x_wconf 92' lang='lat' dir='ltr'>queat,</span> 
     </span>
    </p>

    <p class='ocr_par' dir='ltr' id='par_1_7' title="bbox 177 1389 1244 1598">
     <span class='ocr_line' id='line_1_11' title="bbox 285 1389 1244 1492; baseline -0.003 -24"><span class='ocrx_word' id='word_1_44' title='bbox 285 1391 394 1483; x_wconf 79' lang='lat' dir='ltr'>Quid</span> <span class='ocrx_word' id='word_1_45' title='bbox 407 1391 549 1492; x_wconf 86' lang='lat' dir='ltr'>prosit,</span> <span class='ocrx_word' id='word_1_46' title='bbox 571 1392 729 1483; x_wconf 87' lang='lat' dir='ltr'>deceat,</span> <span class='ocrx_word' id='word_1_47' title='bbox 748 1414 882 1483; x_wconf 89' lang='lat' dir='ltr'>nosse,</span> <span class='ocrx_word' id='word_1_48' title='bbox 904 1389 1003 1490; x_wconf 86' lang='lat' dir='ltr'>quid</span> <span class='ocrx_word' id='word_1_49' title='bbox 1018 1392 1244 1488; x_wconf 76' lang='lat' dir='ltr'>aggravet?</span> 
     </span>
     <span class='ocr_line' id='line_1_12' title="bbox 177 1496 809 1598; baseline -0.003 -24"><span class='ocrx_word' id='word_1_50' title='bbox 177 1498 221 1575; x_wconf 82' lang='lat' dir='ltr'>Si</span> <span class='ocrx_word' id='word_1_51' title='bbox 251 1498 476 1598; x_wconf 81' lang='lat' dir='ltr'>quidquam</span> <span class='ocrx_word' id='word_1_52' title='bbox 505 1497 654 1598; x_wconf 86' lang='lat' dir='ltr'>capitis</span> <span class='ocrx_word' id='word_1_53' title='bbox 681 1496 809 1589; x_wconf 81' lang='lat' dir='ltr'>ni‘ves&#39;,</span> 
     </span>
    </p>

    <p class='ocr_par' dir='ltr' id='par_1_8' title="bbox 178 1601 1111 1803">
     <span class='ocr_line' id='line_1_13' title="bbox 285 1601 1111 1704; baseline -0.007 -23"><span class='ocrx_word' id='word_1_54' title='bbox 285 1604 330 1681; x_wconf 84' lang='lat' dir='ltr'>Si</span> <span class='ocrx_word' id='word_1_55' title='bbox 357 1603 536 1704; x_wconf 75' lang='lat' dir='ltr'>prudens</span> <span class='ocrx_word' id='word_1_56' title='bbox 565 1602 725 1679; x_wconf 90' lang='lat' dir='ltr'>senium</span> <span class='ocrx_word' id='word_1_57' title='bbox 755 1606 819 1679; x_wconf 81' lang='lat' dir='ltr'>est</span> <span class='ocrx_word' id='word_1_58' title='bbox 848 1601 1111 1702; x_wconf 80' lang='lat' dir='ltr'>experientia,</span> 
     </span>
     <span class='ocr_line' id='line_1_14' title="bbox 178 1708 743 1803; baseline -0.004 -17"><span class='ocrx_word' id='word_1_59' title='bbox 178 1712 344 1803; x_wconf 86' lang='lat' dir='ltr'>Quanto</span> <span class='ocrx_word' id='word_1_60' title='bbox 374 1709 538 1785; x_wconf 83' lang='lat' dir='ltr'>suavius</span> <span class='ocrx_word' id='word_1_61' title='bbox 567 1708 743 1800; x_wconf 85' lang='lat' dir='ltr'>accidat,</span> 
     </span>
    </p>

    <p class='ocr_par' dir='ltr' id='par_1_9' title="bbox 177 1813 1035 2022">
     <span class='ocr_line' id='line_1_15' title="bbox 286 1813 1035 1915; baseline -0.007 -22"><span class='ocrx_word' id='word_1_62' title='bbox 286 1815 395 1893; x_wconf 92' lang='lat' dir='ltr'>Olim</span> <span class='ocrx_word' id='word_1_63' title='bbox 422 1816 458 1892; x_wconf 89' lang='lat' dir='ltr'>si</span> <span class='ocrx_word' id='word_1_64' title='bbox 485 1815 612 1891; x_wconf 91' lang='lat' dir='ltr'>liceat</span> <span class='ocrx_word' id='word_1_65' title='bbox 637 1814 776 1890; x_wconf 88' lang='lat' dir='ltr'>vivere</span> <span class='ocrx_word' id='word_1_66' title='bbox 803 1813 1035 1915; x_wconf 82' lang='lat' dir='ltr'>perpetim?</span> 
     </span>
     <span class='ocr_line' id='line_1_16' title="bbox 177 1920 661 2022; baseline -0.008 -24"><span class='ocrx_word' id='word_1_67' title='bbox 177 1922 239 1998; x_wconf 89' lang='lat' dir='ltr'>At</span> <span class='ocrx_word' id='word_1_68' title='bbox 264 1922 373 1998; x_wconf 85' lang='lat' dir='ltr'>tristi</span> <span class='ocrx_word' id='word_1_69' title='bbox 402 1920 661 2022; x_wconf 89' lang='lat' dir='ltr'>querimonia</span> 
     </span>
    </p>

    <p class='ocr_par' dir='ltr' id='par_1_10' title="bbox 177 2022 1340 2211">
     <span class='ocr_line' id='line_1_17' title="bbox 286 2022 1340 2128; baseline -0.005 -25"><span class='ocrx_word' id='word_1_70' title='bbox 286 2026 339 2104; x_wconf 88' lang='lat' dir='ltr'>Se</span> <span class='ocrx_word' id='word_1_71' title='bbox 367 2027 503 2128; x_wconf 90' lang='lat' dir='ltr'>ipsum</span> <span class='ocrx_word' id='word_1_72' title='bbox 531 2025 702 2103; x_wconf 89' lang='lat' dir='ltr'>damnat</span> <span class='ocrx_word' id='word_1_73' title='bbox 723 2026 861 2119; x_wconf 86' lang='lat' dir='ltr'>home,</span> <span class='ocrx_word' id='word_1_74' title='bbox 890 2050 1098 2102; x_wconf 91' lang='lat' dir='ltr'>murmure</span> <span class='ocrx_word' id='word_1_75' title='bbox 1117 2022 1243 2100; x_wconf 87' lang='lat' dir='ltr'>noxio</span> <span class='ocrx_word' id='word_1_76' title='bbox 1311 2075 1340 2114; x_wconf 74' lang='lat'>,0</span> 
     </span>
     <span class='ocr_line' id='line_1_18' title="bbox 177 2132 709 2211; baseline -0.002 -2"><span class='ocrx_word' id='word_1_77' title='bbox 177 2132 363 2210; x_wconf 78' lang='lat' dir='ltr'>Accusat</span> <span class='ocrx_word' id='word_1_78' title='bbox 390 2132 555 2211; x_wconf 89' lang='lat' dir='ltr'>sceleris</span> <span class='ocrx_word' id='word_1_79' title='bbox 582 2157 709 2209; x_wconf 92' lang='lat' dir='ltr'>reum.</span> 
     </span>
    </p>

    <p class='ocr_par' dir='ltr' id='par_1_11' title="bbox 178 2237 1095 2446">
     <span class='ocr_line' id='line_1_19' title="bbox 285 2237 1095 2340; baseline -0.004 -25"><span class='ocrx_word' id='word_1_80' title='bbox 285 2241 389 2316; x_wconf 90' lang='lat' dir='ltr'>Nam</span> <span class='ocrx_word' id='word_1_81' title='bbox 417 2245 567 2315; x_wconf 91' lang='lat' dir='ltr'>natura</span> <span class='ocrx_word' id='word_1_82' title='bbox 595 2238 694 2315; x_wconf 91' lang='lat' dir='ltr'>satis</span> <span class='ocrx_word' id='word_1_83' title='bbox 721 2237 854 2314; x_wconf 88' lang='lat' dir='ltr'>limite</span> <span class='ocrx_word' id='word_1_84' title='bbox 882 2242 1095 2340; x_wconf 88' lang='lat' dir='ltr'>saepserat</span> 
     </span>
     <span class='ocr_line' id='line_1_20' title="bbox 178 2345 802 2446; baseline -0.005 -24"><span class='ocrx_word' id='word_1_85' title='bbox 178 2345 333 2446; x_wconf 84' lang='lat' dir='ltr'>Amplo</span> <span class='ocrx_word' id='word_1_86' title='bbox 362 2345 528 2423; x_wconf 91' lang='lat' dir='ltr'>moenia</span> <span class='ocrx_word' id='word_1_87' title='bbox 554 2351 802 2445; x_wconf 77' lang='lat' dir='ltr'>temporum,</span> 
     </span>
    </p>

    <p class='ocr_par' dir='ltr' id='par_1_12' title="bbox 177 2449 1340 2649">
     <span class='ocr_line' id='line_1_21' title="bbox 287 2449 1340 2553; baseline -0.003 -26"><span class='ocrx_word' id='word_1_88' title='bbox 287 2452 402 2542; x_wconf 83' lang='lat' dir='ltr'>Quae</span> <span class='ocrx_word' id='word_1_89' title='bbox 430 2453 671 2553; x_wconf 88' lang='lat' dir='ltr'>plerumque</span> <span class='ocrx_word' id='word_1_90' title='bbox 701 2450 819 2552; x_wconf 90' lang='lat' dir='ltr'>pigro</span> <span class='ocrx_word' id='word_1_91' title='bbox 849 2450 1058 2550; x_wconf 87' lang='lat' dir='ltr'>perdimus</span> <span class='ocrx_word' id='word_1_92' title='bbox 1088 2449 1182 2525; x_wconf 90' lang='lat' dir='ltr'>otio.</span> <span class='ocrx_word' id='word_1_93' title='bbox 1311 2497 1340 2539; x_wconf 77' lang='lat' dir='ltr'>u</span> 
     </span>
     <span class='ocr_line' id='line_1_22' title="bbox 177 2556 655 2649; baseline -0.002 -16"><span class='ocrx_word' id='word_1_94' title='bbox 177 2556 453 2635; x_wconf 83' lang='lat' dir='ltr'>Ascribantur</span> <span class='ocrx_word' id='word_1_95' title='bbox 470 2558 655 2649; x_wconf 83' lang='lat' dir='ltr'>inertiae,</span> 
     </span>
    </p>

    <p class='ocr_par' dir='ltr' id='par_1_13' title="bbox 177 2661 1109 2860">
     <span class='ocr_line' id='line_1_23' title="bbox 285 2661 1109 2762; baseline -0.002 -23"><span class='ocrx_word' id='word_1_96' title='bbox 285 2664 379 2739; x_wconf 90' lang='lat' dir='ltr'>Non</span> <span class='ocrx_word' id='word_1_97' title='bbox 407 2663 523 2740; x_wconf 87' lang='lat' dir='ltr'>caelo</span> <span class='ocrx_word' id='word_1_98' title='bbox 554 2663 748 2762; x_wconf 88' lang='lat' dir='ltr'>querulae</span> <span class='ocrx_word' id='word_1_99' title='bbox 776 2662 890 2738; x_wconf 89' lang='lat' dir='ltr'>vocis</span> <span class='ocrx_word' id='word_1_100' title='bbox 919 2661 1109 2761; x_wconf 89' lang='lat' dir='ltr'>origines.</span> 
     </span>
     <span class='ocr_line' id='line_1_24' title="bbox 177 2769 767 2860; baseline -0.003 -15"><span class='ocrx_word' id='word_1_101' title='bbox 177 2769 345 2846; x_wconf 86' lang='lat' dir='ltr'>Festine</span> <span class='ocrx_word' id='word_1_102' title='bbox 375 2770 514 2845; x_wconf 91' lang='lat' dir='ltr'>omnia</span> <span class='ocrx_word' id='word_1_103' title='bbox 541 2775 767 2860; x_wconf 88' lang='lat' dir='ltr'>transeunt,</span> 
     </span>
    </p>

    <p class='ocr_par' dir='ltr' id='par_1_14' title="bbox 181 2872 1340 3081">
     <span class='ocr_line' id='line_1_25' title="bbox 286 2872 1340 2977; baseline -0.002 -27"><span class='ocrx_word' id='word_1_104' title='bbox 286 2875 376 2951; x_wconf 86' lang='lat' dir='ltr'>Etsi</span> <span class='ocrx_word' id='word_1_105' title='bbox 404 2876 520 2953; x_wconf 88' lang='lat' dir='ltr'>lenta</span> <span class='ocrx_word' id='word_1_106' title='bbox 546 2881 679 2976; x_wconf 91' lang='lat' dir='ltr'>putes,</span> <span class='ocrx_word' id='word_1_107' title='bbox 708 2872 822 2950; x_wconf 91' lang='lat' dir='ltr'>haud</span> <span class='ocrx_word' id='word_1_108' title='bbox 850 2875 1020 2977; x_wconf 86' lang='lat' dir='ltr'>capiunt</span> <span class='ocrx_word' id='word_1_109' title='bbox 1046 2898 1217 2954; x_wconf 82' lang='lat' dir='ltr'>moram.</span> <span class='ocrx_word' id='word_1_110' title='bbox 1312 2923 1340 2964; x_wconf 48' lang='grc' dir='ltr'>,Β</span> 
     </span>
     <span class='ocr_line' id='line_1_26' title="bbox 181 2981 722 3081; baseline -0.006 -23"><span class='ocrx_word' id='word_1_111' title='bbox 181 2981 226 3058; x_wconf 88' lang='lat' dir='ltr'>Si</span> <span class='ocrx_word' id='word_1_112' title='bbox 255 2981 355 3081; x_wconf 90' lang='lat' dir='ltr'>quid</span> <span class='ocrx_word' id='word_1_113' title='bbox 384 2981 604 3074; x_wconf 88' lang='lat' dir='ltr'>distuleris,</span> <span class='ocrx_word' id='word_1_114' title='bbox 633 2981 722 3074; x_wconf 92' lang='lat' dir='ltr'>tibi,</span> 
     </span>
    </p>

    <p class='ocr_par' dir='ltr' id='par_1_15' title="bbox 177 3086 1184 3293">
     <span class='ocr_line' id='line_1_27' title="bbox 287 3086 1184 3188; baseline -0.002 -26"><span class='ocrx_word' id='word_1_115' title='bbox 287 3087 383 3163; x_wconf 92' lang='lat' dir='ltr'>Non</span> <span class='ocrx_word' id='word_1_116' title='bbox 409 3086 521 3164; x_wconf 91' lang='lat' dir='ltr'>horis</span> <span class='ocrx_word' id='word_1_117' title='bbox 551 3088 708 3165; x_wconf 87' lang='lat' dir='ltr'>tribuas</span> <span class='ocrx_word' id='word_1_118' title='bbox 737 3087 1002 3188; x_wconf 88' lang='lat' dir='ltr'>praepetibus</span> <span class='ocrx_word' id='word_1_119' title='bbox 1029 3093 1184 3163; x_wconf 89' lang='lat' dir='ltr'>notam.</span> 
     </span>
     <span class='ocr_line' id='line_1_28' title="bbox 177 3192 768 3293; baseline 0.003 -26"><span class='ocrx_word' id='word_1_120' title='bbox 177 3192 396 3269; x_wconf 84' lang='lat' dir='ltr'>Annorum</span> <span class='ocrx_word' id='word_1_121' title='bbox 424 3193 564 3270; x_wconf 90' lang='lat' dir='ltr'>omnia</span> <span class='ocrx_word' id='word_1_122' title='bbox 592 3193 768 3293; x_wconf 88' lang='lat' dir='ltr'>diligens</span> 
     </span>
    </p>

    <p class='ocr_par' dir='ltr' id='par_1_16' title="bbox 284 3298 1340 3399">
     <span class='ocr_line' id='line_1_29' title="bbox 284 3298 1340 3399; baseline -0.002 -24"><span class='ocrx_word' id='word_1_123' title='bbox 284 3298 442 3376; x_wconf 90' lang='lat' dir='ltr'>Pensat</span> <span class='ocrx_word' id='word_1_124' title='bbox 470 3301 622 3376; x_wconf 87' lang='lat' dir='ltr'>damna</span> <span class='ocrx_word' id='word_1_125' title='bbox 648 3300 775 3392; x_wconf 89' lang='lat' dir='ltr'>labor,</span> <span class='ocrx_word' id='word_1_126' title='bbox 804 3298 982 3399; x_wconf 85' lang='lat' dir='ltr'>segnitia</span> <span class='ocrx_word' id='word_1_127' title='bbox 1009 3298 1199 3398; x_wconf 89' lang='lat' dir='ltr'>imputat.</span> <span class='ocrx_word' id='word_1_128' title='bbox 1313 3349 1340 3389; x_wconf 72' lang='lat' dir='ltr'>n</span> 
     </span>
    </p>
   </div>
   <div class='ocr_carea' id='block_1_3' title="bbox 641 3752 776 3820">
    <p class='ocr_par' dir='ltr' id='par_1_17' title="bbox 641 3752 776 3820">
     <span class='ocr_line' id='line_1_30' title="bbox 641 3752 776 3820; baseline -0.007 -1"><span class='ocrx_word' id='word_1_129' title='bbox 641 3752 776 3820; x_wconf 82' lang='lat' dir='ltr'>XXVI.</span> 
     </span>
    </p>
   </div>
   <div class='ocr_carea' id='block_1_4' title="bbox 67 3892 1227 4100">
    <p class='ocr_par' dir='ltr' id='par_1_18' title="bbox 67 3892 1227 4100">
     <span class='ocr_line' id='line_1_31' title="bbox 67 3892 1227 3977; baseline -0.001 -1"><span class='ocrx_word' id='word_1_130' title='bbox 67 3892 80 3915; x_wconf 82' lang='lat'>⁸</span> <span class='ocrx_word' id='word_1_131' title='bbox 190 3896 265 3976; x_wconf 89' lang='grc' dir='ltr'>ΑΙ)</span> <span class='ocrx_word' id='word_1_132' title='bbox 293 3897 653 3976; x_wconf 88' lang='lat' dir='ltr'><strong>FERNANDUM:</strong></span> <span class='ocrx_word' id='word_1_133' title='bbox 687 3897 1067 3977; x_wconf 86' lang='lat' dir='ltr'><strong>HUMANITATIS</strong></span> <span class='ocrx_word' id='word_1_134' title='bbox 1096 3897 1227 3977; x_wconf 88' lang='lat' dir='ltr'>IURA</span> 
     </span>
     <span class='ocr_line' id='line_1_32' title="bbox 551 4012 856 4100; baseline -0.007 -1"><span class='ocrx_word' id='word_1_135' title='bbox 551 4012 856 4100; x_wconf 84' lang='lat' dir='ltr'>SERVANDA.</span> 
     </span>
    </p>
   </div>
   <div class='ocr_carea' id='block_1_5' title="bbox 225 4180 1328 4578">
    <p class='ocr_par' dir='ltr' id='par_1_19' title="bbox 225 4180 1328 4578">
     <span class='ocr_line' id='line_1_33' title="bbox 225 4180 1328 4282; baseline -0.001 -26"><span class='ocrx_word' id='word_1_136' title='bbox 225 4180 510 4257; x_wconf 90' lang='lat' dir='ltr'>Humanitatis</span> <span class='ocrx_word' id='word_1_137' title='bbox 538 4204 732 4282; x_wconf 85' lang='lat' dir='ltr'>spernere</span> <span class='ocrx_word' id='word_1_138' title='bbox 760 4204 813 4256; x_wconf 91' lang='lat' dir='ltr'>ne</span> <span class='ocrx_word' id='word_1_139' title='bbox 841 4180 956 4273; x_wconf 85' lang='lat' dir='ltr'>velis,</span> <span class='ocrx_word' id='word_1_140' title='bbox 1199 4192 1249 4248; x_wconf 82' lang='lat' dir='ltr'>fol.</span> <span class='ocrx_word' id='word_1_141' title='bbox 1271 4194 1328 4250; x_wconf 68' lang='lat'>³9*-</span> 
     </span>
     <span class='ocr_line' id='line_1_34' title="bbox 225 4279 1093 4389; baseline 0 -27"><span class='ocrx_word' id='word_1_142' title='bbox 225 4279 453 4380; x_wconf 80' lang='lat' dir='ltr'>Ferflande,</span> <span class='ocrx_word' id='word_1_143' title='bbox 479 4287 612 4385; x_wconf 87' lang='lat' dir='ltr'>leges:</span> <span class='ocrx_word' id='word_1_144' title='bbox 641 4310 799 4389; x_wconf 91' lang='lat' dir='ltr'>pauper</span> <span class='ocrx_word' id='word_1_145' title='bbox 828 4311 949 4388; x_wconf 91' lang='lat' dir='ltr'>opem</span> <span class='ocrx_word' id='word_1_146' title='bbox 977 4291 1093 4362; x_wconf 89' lang='lat' dir='ltr'>tuam</span> 
     </span>
     <span class='ocr_line' id='line_1_35' title="bbox 280 4393 905 4496; baseline -0.002 -26"><span class='ocrx_word' id='word_1_147' title='bbox 280 4393 324 4471; x_wconf 87' lang='lat' dir='ltr'>Si</span> <span class='ocrx_word' id='word_1_148' title='bbox 352 4393 492 4470; x_wconf 86' lang='lat' dir='ltr'>forsan</span> <span class='ocrx_word' id='word_1_149' title='bbox 518 4393 723 4496; x_wconf 89' lang='lat' dir='ltr'>imploret,</span> <span class='ocrx_word' id='word_1_150' title='bbox 751 4416 905 4494; x_wconf 87' lang='lat' dir='ltr'>negare</span> 
     </span>
     <span class='ocr_line' id='line_1_36' title="bbox 332 4500 993 4578; baseline -0.005 -2"><span class='ocrx_word' id='word_1_151' title='bbox 332 4500 546 4576; x_wconf 86' lang='lat' dir='ltr'>Auxilium</span> <span class='ocrx_word' id='word_1_152' title='bbox 576 4502 709 4578; x_wconf 89' lang='lat' dir='ltr'>scelus</span> <span class='ocrx_word' id='word_1_153' title='bbox 739 4524 827 4577; x_wconf 85' lang='lat' dir='ltr'>esse</span> <span class='ocrx_word' id='word_1_154' title='bbox 856 4500 993 4576; x_wconf 85' lang='lat' dir='ltr'>ducas.</span> 
     </span>
    </p>
   </div>
   <div class='ocr_carea' id='block_1_6' title="bbox 0 0 1588 5154">
    <p class='ocr_par' dir='ltr' id='par_1_20' title="bbox 0 0 1588 5154">
     <span class='ocr_line' id='line_1_37' title="bbox 0 0 1588 5154; baseline 0 0"><span class='ocrx_word' id='word_1_155' title='bbox 0 0 1588 5154; x_wconf 95' lang='lat' dir='ltr'> </span> 
     </span>
    </p>
   </div>
  </div>
 </body>
</html>
