3164 5154
712 224 915 280 SILVARUM

758 527 858 593 XXI.

534 760 660 836 IRAE
689 760 1082 838 RESlSTENDUM.

384 972 527 1046 Omnis
557 970 744 1047 adfectus
772 972 944 1047 rationis
974 998 1132 1073 expers,
1283 992 1327 1045 fol.
1344 993 1396 1046 161ยน-

385 1079 521 1154 Ccrda
550 1079 619 1178 qui
647 1078 783 1178 privat
811 1079 950 1154 stabili
979 1081 1129 1179 quiete,

383 1184 514 1261 Atriis
543 1186 696 1282 migret
724 1184 923 1286 sapientis
953 1188 1084 1278 aulae,

490 1293 676 1382 Pectore,
707 1292 860 1391 lingua.

384 1488 443 1561 Te
472 1495 612 1563 tamen
641 1495 807 1586 torquet
826 1488 962 1587 gravis
982 1488 1053 1580 ira,
1085 1489 1235 1566 Codre:

382 1594 588 1694 Principis
616 1595 758 1693 magni
785 1594 886 1670 licet
914 1596 1159 1671 administer

384 1701 513 1776 Pellis
541 1726 711 1776 uxorem
739 1701 904 1794 laribus,
934 1702 1139 1801 frequenti

489 1808 670 1884 Vulnere
699 1809 843 1883 saevis.

384 2004 505 2078 Mitte
534 2001 682 2078 ferales
711 2002 840 2077 animi
868 2011 1069 2078 tumores:

388 2110 511 2185 Ocius
540 2109 752 2184 flammam
779 2134 923 2185 reseca
950 2117 1184 2204 nocentem,

383 2216 445 2290 Ne
474 2223 566 2290 tucs
595 2217 786 2314 neglecta
814 2223 933 2292 voret
960 2225 1145 2316 penates,

491 2322 653 2423 Oppida
681 2329 825 2398 vastet.

384 2517 560 2618 Turpius
588 2517 647 2591 nil
677 2524 740 2593 est
768 2517 935 2592 domino
964 2518 1138 2617 potenti,

384 2624 463 2715 Qui
493 2625 576 2699 suis
604 2624 731 2699 servis
759 2624 906 2723 nequit
933 2624 1147 2724 imperare,

384 2732 543 2806 Effercs
571 2738 709 2807 motus
739 2732 931 2830 sequitur,
960 2739 1132 2808 cruenta

490 2838 630 2938 Iurgia
656 2838 795 2913 nutrit.

384 3035 557 3109 Beluam
587 3034 719 3133 quivis
747 3033 856 3131 fugit
882 3041 929 3109 ut
955 3042 1144 3110 ruentem

383 3141 560 3241 Impetu,
590 3145 731 3216 turbas
761 3140 907 3217 dubias
937 3141 1117 3217 cientem

384 3248 452 3323 Sic
483 3248 628 3323 ducem
659 3249 790 3322 vitare
818 3255 1046 3324 memento:
1078 3248 1168 3324 dira

489 3355 653 3429 Limina
681 3354 821 3430 transi.

382 3548 560 3624 Horrido
590 3575 816 3648 numquam
843 3549 962 3648 tigris
996 3549 1039 3625 in
1072 3575 1235 3625 recessu

383 3657 518 3730 Tanta
546 3657 789 3731 damnorum
816 3654 895 3730 fuit
922 3681 971 3732 ac
999 3658 1202 3732 malcrum

383 3762 530 3854 Causa,
560 3764 694 3837 Roma
724 3770 879 3861 quanta
906 3762 986 3839 fuit
1012 3762 1161 3840 ferocis

488 3870 555 3944 Ira
582 3870 766 3945 Neronis.
