3164 5154
597 248 669 304 LIB.
688 249 709 303 Ι.
729 252 809 306 6-9.

58 450 124 526 Tu
154 457 291 527 uastos
320 450 468 526 animis
496 449 669 549 inspiras
698 448 849 547 iugiter
876 449 1005 548 ignes,

170 557 315 633 Sidera
343 564 482 633 suetus
511 557 565 632 ad
592 558 678 631 alta
705 580 865 631 vocare.

61 663 143 754 Qui
172 664 367 764 sequitur,
397 663 507 756 felix,
538 663 697 762 ingenti
726 663 894 737 numine
922 662 1079 763 plenus

170 770 362 847 Criminis
391 779 482 846 atra
508 771 602 845 labe
631 771 799 844 solutus.

59 878 151 953 Hoc
181 878 326 952 ardore
354 877 536 976 flagrem,
567 877 676 951 dulei
706 900 925 951 consumar
953 878 1005 950 ab
1035 882 1162 964 aestu,

168 984 227 1061 Ut
253 983 406 1058 moriar
433 983 520 1058 sine
549 984 631 1058 fine
659 985 813 1058 beatus.

59 1088 248 1166 Mortalis
277 1115 361 1166 non
389 1115 483 1189 spes
510 1091 647 1180 lactet,
674 1115 760 1164 non
789 1090 877 1163 dira
906 1088 1080 1190 cupido:

169 1196 285 1272 Haeo
312 1196 481 1273 flamma
510 1204 573 1272 est
600 1197 700 1271 satis
730 1195 919 1271 omnibus
948 1221 1040 1270 una.

620 1410 778 1417 ———-

656 1530 753 1594 VIII.

327 1691 541 1770 PUELLA'
563 1691 796 1768 NUPTIAS
826 1691 1073 1768 AMBIENS.

61 1851 236 1927 Claudia
264 1850 381 1948 virgo
411 1851 591 1942 demens,
1216 1865 1319 1920 f01.4r<

167 1957 332 2057 Nuptiis
361 1983 433 2032 our
461 1957 520 2033 sie
550 1958 712 2034 inhias?
742 1985 813 2033 eur
840 1958 1032 2057 preoibus
1060 1958 1211 2058 fatigas

62 2064 236 2139 Sidera?
266 2064 562 2140 cur'maritum

1308 819 1334 857 24

169 2170 371 2246 Omnibus
400 2171 509 2246 votis
538 2171 645 2271 petis
675 2173 804 2248 etsie
833 2172 1006 2247 thalami
1035 2172 1183 2270 iugalis
1318 2227 1329 2262 ⁴

60 2278 247 2352 Foedere
275 2278 559 2367 commoveris

169 2383 228 2460 Ut
254 2385 388 2483 pudor
414 2409 498 2458 non
527 2392 568 2459 te
597 2392 740 2460 teneat
766 2411 844 2460 neo
868 2385 1003 2472 ¹lateat
1032 2384 1213 2485 cupido?

66 2489 267 2589 Coniugis
297 2515 351 2566 an
379 2489 529 2566 ferocis

115 2597 318 2671 Taedium
346 2597 510 2673 neseis?
541 2597 687 2673 dubios
714 2623 792 2674 neo
819 2597 969 2672 metuis
997 2597 1187 2672 labores?
1322 2653 1333 2689 ⁸

64 2702 212 2779 Gratia
239 2728 334 2777 eum
362 2703 495 2778 sereni

169 2809 343 2909 Deperit
369 2810 518 2896 vultus,
547 2811 658 2884 nivei
688 2837 781 2885 oum
811 2810 998 2886 esc-idere
1028 2811 1183 2893 dentes,

60 2915 135 2990 Est
165 2915 259 2992 odio
288 2916 536 3016 frequenter,

173 3021 288 3112 Quae
316 3025 429 3122 prius
458 3024 583 3099 labris
610 3024 738 3099 roseis
768 3031 811 3099 et
838 3024 970 3097 nitida
998 3023 1192 3122 placebat
1309 3078 1333 3114 ,2

61 3128 225 3204 Blanda
251 3129 392 3228 puella
419 3128 569 3205 fronte:

170 3235 277 3310 Nam
291 3236 520 3311 venustatis
536 3236 686 3312 minuit
700 3236 843 3312 florem
859 3237 1086 3335 adimitque
1115 3245 1291 3336 tempus,

62 3341 213 3417 Tristis
241 3341 374 3418 hiems
401 3343 654 3443 propinquat

170 3450 225 3523 Et
252 3449 347 3549 gelu
376 3457 567 3550 torpente
597 3450 756 3526 animos
786 3449 983 3524 sollicitat
1011 3456 1210 3547 tepentes.
1310 3502 1333 3538 10

679 3766 742 3829 IX.

400 3929 535 4006 VANl
565 3930 749 4006 SENUM
780 3929 1011 4005 AMORES.

228 4086 353 4163 Canis
383 4088 543 4189 capillis
574 4088 785 4164 Cossidiae
814 4089 953 4187 places
1215 4100 1263 4155 fol.
1282 4102 1316 4153 4¹·-

225 4195 384 4270 Fusoae
412 4196 605 4295 puellae}
635 4195 733 4294 quid
761 4203 929 4270 tenerae
958 4219 1090 4291 genae

280 4302 443 4400 Rugam
473 4303 525 4405 ad
555 4302 749 4376 senilem?
781 4302 878 4400 quid
908 4302 1097 4375 iuventus

333 4406 402 4483 Ad
430 4409 634 4508 trepidam
664 4408 896 4507 gelidamve
925 4409 1128 4483 tiontem?
