3164 5154
473 244 548 300 LIB.
566 245 618 299 XI.
639 247 752 302 14-16.

181 445 362 521 Abditur
387 444 506 544 nigro
534 469 746 520 nemorum
774 470 951 539 recessu,

181 554 291 628 Dum
318 558 453 628 tumet
481 559 634 643 venter,
664 552 834 645 Pholoe,
861 553 1040 628 Dianam

182 659 297 750 Quae
324 658 404 735 fuit
433 659 641 758 quondam
670 660 879 746 comitata,
911 667 1025 736 oasto

286 767 403 842 Mota
431 773 589 842 senatu.

180 927 287 1004 Viva
314 926 467 1002 Vestae
496 925 703 1002 defoditur
731 927 934 1013 sacerdos,

182 1033 343 1110 Obtulit
370 1033 405 1107 si
433 1032 522 1132 quis
551 1032 698 1109 vitium
725 1030 979 1133 pudendmu:

180 1141 313 1217 Roma
340 1140 411 1215 sed
439 1140 556 1237 luget
583 1140 811 1239 metuitque
839 1165 995 1241 poenas

286 1247 412 1323 Labis
440 1253 609 1322 atroces.

181 1406 324 1483 Conde
352 1407 590 1482 thesaurum
617 1405 769 1482 laribus
797 1406 995 1506 repostis;

181 1513 352 1613 Semper
380 1519 444 1589 est
472 1513 620 1611 dignus
647 1512 816 1589 meliore
845 1538 956 1589 eura:

179 1620 371 1695 Perditus
399 1621 514 1696 nulla
540 1626 755 1720 reparatur
783 1646 976 1720 umquam

286 1726 390 1802 Arte
419 1728 484 1802 vel
512 1736 616 1803 astu.

179 1884 379 1962 Attamen
407 1887 479 1961 vili
504 1886 639 1986 pretio
667 1886 906 1986 frequenter

178 1992 383 2068 Venditur
410 2019 635 2093 numquam
664 1994 763 2071 satis
793 1995 1089 2070 aestimandus:

179 2100 333 2199 Diripit
359 2125 557 2199 gemmas,
588 2101 728 2202 spoliis
757 2102 941 2202 superbit

284 2207 432 2306 Turpis
461 2208 631 2283 adulter.

533 2527 691 2534 —-.—-..-

555 2788 652 2856 XVI.

265 3005 493 3083 MUNDUS
521 3005 639 3082 NON
667 3005 941 3085 AMANDUS.

177 3219 355 3293 Mundus
385 3225 448 3294 est
474 3217 612 3308 fallam
641 3218 860 3319 Epideme:
892 3221 1037 3315 cernis,

179 3325 322 3401 Credis
352 3334 561 3425 expertum
590 3332 732 3401 tamen
760 3328 855 3402 aula
882 3334 1019 3405 tentat

177 3434 266 3507 Iam
295 3456 469 3508 senem:·
487 3433 617 3532 ruptis
646 3434 809 3510 dubitas
838 3437 995 3511 eatenis

283 3539 408 3615 Liber
435 3540 558 3615 abire.

177 3700 360 3775 Distinet
386 3700 544 3773 nummi
573 3699 731 3799 speeies
760 3700 905 3790 inanis,

178 3806 281 3906 Spes
309 3806 384 3882 alit
410 3807 536 3903 largis
566 3807 710 3907 opibus
738 3805 911 3899 fruendi,

176 3914 380 4013 Principis
409 3915 591 3990 delectat
618 3916 758 4006 honor,
787 3913 942 3989 faventi

286 4020 408 4095 Curia
435 4021 561 4096 vultu.

178 4180 384 4269 Quamdiu
412 4180 533 4255 durat
559 4178 685 4254 facies
713 4180 865 4256 theatri

176 4286 319 4377 Laeta
349 4312 568 4386 personam
598 4311 759 4385 quoque
789 4287 915 4362 sumis
944 4294 1099 4387 aptam:

179 4395 259 4470 Ora
288 4394 384 4468 dum
413 4401 555 4485 mutat,
582 4394 743 4493 trepido
772 4394 947 4469 remittit

281 4500 458 4576 Pectore
487 4525 622 4577 soena.
