3164 5154
671 206 887 264 CARMINUM

294 408 527 504 Numquam
555 407 730 504 superbo
759 403 907 480 reicias
934 429 1076 504 preces

295 512 425 590 Vultu
452 511 672 602 timendus,
702 534 802 611 quas
830 510 954 586 miser
982 510 1144 588 obtulit.

348 619 510 694 Praebe
537 617 729 716 benigna,
760 642 853 692 cum
880 616 1034 709 licebit,

401 725 524 800 Dona
550 749 676 799 manu
704 723 770 799 vel
798 723 934 799 amica
960 724 1097 816 verba,

298 883 342 960 Si
371 908 519 957 munus
548 881 667 957 absit.
699 881 882 957 Consilio
910 882 1007 957 iuva

298 988 493 1079 Quemvis
521 988 645 1080 fideli,
675 988 736 1062 nil
765 987 957 1088 cuiquam
986 991 1201 1089 exprobra,
1274 994 1284 1007 ‘

351 1095 493 1171 Solare
520 1100 701 1169 maestos
731 1099 774 1170 et
799 1100 1039 1193 gementum

402 1201 552 1276 Nubila
581 1201 693 1277 solve
722 1225 889 1275 serenus
918 1224 998 1276 ore.

298 1361 367 1437 Sic
397 1367 508 1436 astra
536 1359 698 1435 scandit
725 1384 810 1434 non
836 1358 955 1459 piger
981 1359 1193 1454 Hercules,

297 1467 494 1543 Monstris
525 1466 635 1565 quod
664 1467 804 1542 orbem
833 1466 1018 1542 sontibus
1046 1472 1090 1543 et
1117 1466 1214 1544 feris

351 1572 608 1672 Purgaverit,
639 1573 750 1669 quod
777 1596 907 1670 regna
933 1572 1061 1672 pulsis

404 1679 555 1754 Libera
581 1678 807 1753 reddiderit
834 1678 1029 1776 tyrannis.
1107 1769 1110 1773 ,

299 1839 379 1931 Qui
406 1838 493 1913 fata
521 1862 657 1912 rerum
686 1843 893 1937 temperat
921 1836 1084 1929 arbiter,

299 1945 378 2036 Qui
408 1945 504 2019 sede
534 1968 693 2018 summa
720 1944 922 2043 prospicit
950 1943 1101 2034 omnia,

352 2051 433 2126 Hic
464 2050 695 2148 supplicum
723 2050 814 2125 miti
843 2051 1029 2149 querelas

407 2157 520 2232 Aure
549 2156 663 2254 capit
690 2156 892 2257 niveaque
920 2155 1068 2232 fronte.

299 2317 431 2391 Nemo
459 2315 629 2390 recedat
655 2314 797 2391 limine
824 2315 994 2408 tristior,

300 2422 394 2498 Non
421 2422 565 2496 horror
592 2422 723 2496 ullum
750 2422 938 2498 turbidus
967 2421 1139 2521 effuget:

354 2528 448 2603 Non
475 2551 576 2601 voce
607 2529 827 2604 clamorem
857 2527 996 2620 ciebis,

408 2634 466 2711 Ut
493 2632 655 2732 trepido
684 2635 966 2736 Polyphemus
995 2640 1126 2710 antro.

301 2794 583 2870 Humanitatis
612 2793 820 2870 tendimus
849 2796 902 2869 ad
930 2795 1052 2871 deum

302 2898 419 2975 Aura
447 2901 636 2995 secunda,
663 2901 874 3002 proximus
902 2900 970 2976 hic
999 2900 1150 3000 gradus

354 3005 422 3082 Ad
449 3032 602 3083 nomen
628 3008 876 3083 immortale:
906 3006 1019 3082 fama

407 3114 615 3214 Perpetuo
646 3116 829 3191 celebrat
856 3114 1075 3213 triumpho.

709 3731 861 3797 XXVII.

489 3945 563 4022 AD
593 3944 769 4021 DIVAM
798 3941 1076 4020 VIRGINEM.

303 4139 413 4214 Diva
440 4137 615 4215 fecundo
644 4138 801 4235 gremio
831 4139 965 4229 beata,
1276 4149 1328 4206 fol.
1347 4151 1396 4207 ro·

306 4246 421 4336 Quae
449 4244 567 4320 Patri
599 4244 755 4344 gaudes
792 4244 979 4334 similem,
1009 4243 1188 4342 priorem
1217 4267 1266 4318 ac

303 4353 438 4427 Matre
465 4351 665 4427 maiorem
693 4351 902 4451 peperisse
930 4350 1100 4450 prolem,

410 4457 540 4558 Virgo
568 4458 771 4560 perennis.
1397 4504 1409 4544 a
