3164 5154
179 210 244 271 140
718 201 924 260 suvrana

177 402 280 478 Inde
309 401 470 477 animus
499 400 661 502 capitur
687 426 804 477 nexu.
825 402 967 501 Neque
995 401 1098 485 dura
1124 403 1271 505 imago
1299 405 1399 481 fibris

284 508 491 610 Impressa
517 508 638 600 cedit,
666 508 833 589 vinoula
859 515 908 587 ut
931 509 1123 595 renoba.

181 615 349 716 Spicula
366 615 501 690 vibrat
528 639 644 691 amor
667 614 719 690 de
739 639 910 716 corpore
936 615 1090 699 blando
1111 622 1155 701 et
1183 617 1231 695 in
1247 615 1398 708 favillas

284 722 499 799 Convertit
526 745 681 814 omnes,
709 721 806 822 igno
835 722 933 803 dum
959 721 1117 809 ferooit

177 828 386 906 Sideribus
413 835 554 904 tamen
583 836 783 928 aequatur
812 827 924 906 furor
951 834 994 911 at
1019 828 1180 915 micant
1207 831 1341 925 ocelli,

289 936 345 1013 Ut
372 941 483 1012 astra
511 960 682 1029 summa,
711 942 758 1011 ut
784 935 979 1015 Phoebus
1007 941 1050 1015 et
1075 936 1229 1027 Diana.

182 1041 284 1119 Lilia
311 1043 575 1137 candescunt,
604 1042 761 1141 fragrat
788 1067 892 1136 rosa,
930 1041 1065 1125 fronte
1093 1047 1198 1129 ebur
1233 1044 1385 1131 renidet

283 1150 501 1249 Decusque
528 1149 722 1225 membris
751 1149 941 1229 omnibus
966 1151 1137 1237 relucet.

177 1255 356 1332 Ludicra
383 1263 479 1332 sunt
495 1263 637 1333 vatum
664 1256 894 1349 mendacia,
918 1281 1027 1338 vana
1052 1257 1143 1339 laus
1171 1265 1393 1345 amantum:

285 1364 360 1438 Est
386 1363 499 1438 nulla
526 1363 646 1440 terris
673 1389 773 1441 vera
798 1363 1069 1464 pulchritudo.

179 1469 305 1546 Falsa
330 1469 459 1547 trahit
487 1470 656 1569 species,
689 1470 796 1548 ludit
831 1471 964 1551 color:
999 1473 1146 1555 umbra
1172 1471 1394 1559 blandienti

281 1577 367 1652 Nos
396 1601 466 1653 ore
494 1577 609 1653 ducit
635 1576 729 1654 suco
763 1581 921 1665 atarto
949 1584 1081 1679 parta,

182 1683 350 1761 Gratior
391 1690 454 1760 est
496 1683 657 1759 animus
704 1709 828 1783 quam
874 1709 1066 1786 corpora:
1113 1691 1255 1769 rector
1295 1686 1395 1761 hunc

1124 1791 1300 1875 deorum

285 1895 324 1971 A
355 1896 452 1973 sede
481 1897 591 1972 celsa
618 1896 732 1973 misit
759 1903 885 1998 atque
913 1896 1101 1999 Olympo.

176 2002 414 2079 Muneribus
441 2004 564 2080 variis
583 2011 795 2107 comptum
824 2005 977 2096 excolo,
997 2005 1208 2106 pulchrior
1229 2014 1395 2082 venusto

285 2111 343 2188 Ut
368 2110 490 2187 Nireo
520 2110 666 2186 dicaris
695 2137 745 2187 ao
773 2113 978 2191 Lacaena.

733 2466 893 2476 *-

784 2761 827 2829 V.

541 2979 726 3056 HIEMIS
760 2976 1093 3058 DESCRIPTIO.

338 3191 481 3268 Saevit
507 3191 635 3268 tristis
663 3191 795 3267 hiems
823 3215 1003 3291 auraque
1031 3188 1191 3290 frigida
1305 3206 1354 3261 fol.
1372 3205 1421 3261 oa·

339 3299 606 3397 Stringuntur
633 3298 780 3397 gelidis
808 3301 998 3374 membra
1023 3297 1247 3397 rigoribus:

389 3405 513 3481 Nullo
541 3411 662 3505 prata
687 3405 830 3498 virore,

442 3512 563 3588 Nullo
592 3513 803 3588 luxuriant
830 3511 931 3612 agri.

335 3674 454 3748 Dura
480 3671 621 3749 vincta
647 3678 821 3772 gemunt
846 3670 1019 3748 flumina
1047 3672 1246 3771 compede

337 3782 391 3855 Et
420 3779 540 3855 dorso
569 3779 724 3880 liquido
755 3778 859 3880 (quis
887 3776 1046 3880 putetl)
1076 3777 1222 3855 esseda

391 3887 547 3984 Magna
573 3887 682 3962 mole
709 3886 917 3962 vehuntur

442 3993 498 4069 Et
526 4000 662 4069 servat
688 3991 842 4094 glacies
871 3992 1006 4069 fidem.

344 4151 486 4245 Silvas,
513 4159 636 4244 tecta,
666 4153 823 4246 domos),
854 4152 961 4231 atria
987 4151 1060 4237 nix
1086 4152 1203 4252 tegit,

344 4260 482 4336 Tellus
510 4260 693 4337 induitur
719 4261 869 4338 vellere
898 4259 1093 4341 candido:

390 4366 483 4443 Hac
511 4370 585 4443 sub
613 4375 727 4444 veste
754 4367 942 4445 recondit

442 4473 626 4550 Caenum
655 4500 704 4551 ac
731 4475 912 4551 creditur
939 4474 1149 4551 innocens.
