<?xml version="1.0" encoding="UTF-8"?>
<!DOCTYPE html PUBLIC "-//W3C//DTD XHTML 1.0 Transitional//EN"
    "http://www.w3.org/TR/xhtml1/DTD/xhtml1-transitional.dtd">
<html xmlns="http://www.w3.org/1999/xhtml" xml:lang="en" lang="en">
 <head>
  <title>
</title>
<meta http-equiv="Content-Type" content="text/html;charset=utf-8" />
  <meta name='ocr-system' content='tesseract 3.04.00' />
  <meta name='ocr-capabilities' content='ocr_page ocr_carea ocr_par ocr_line ocrx_word'/>
</head>
<body>
  <div class='ocr_page' id='page_1' title='image "./psimonrettenbac00lehngoog/psimonrettenbac00lehngoog_0490.png"; bbox 0 0 3164 5154; ppageno 0'>
   <div class='ocr_carea' id='block_1_1' title="bbox 472 274 751 333">
    <p class='ocr_par' dir='ltr' id='par_1_1' title="bbox 472 274 751 333">
     <span class='ocr_line' id='line_1_1' title="bbox 472 274 751 333; baseline 0.014 -4"><span class='ocrx_word' id='word_1_1' title='bbox 472 274 547 331; x_wconf 89' lang='lat' dir='ltr'><strong>LIB.</strong></span> <span class='ocrx_word' id='word_1_2' title='bbox 565 274 618 333; x_wconf 87' lang='lat' dir='ltr'>XI.</span> <span class='ocrx_word' id='word_1_3' title='bbox 637 277 751 333; x_wconf 80' lang='lat'>10-12.</span> 
     </span>
    </p>
   </div>
   <div class='ocr_carea' id='block_1_2' title="bbox 184 469 1016 873">
    <p class='ocr_par' dir='ltr' id='par_1_2' title="bbox 184 469 763 550">
     <span class='ocr_line' id='line_1_2' title="bbox 184 469 763 550; baseline 0.003 -2"><span class='ocrx_word' id='word_1_4' title='bbox 184 469 319 549; x_wconf 83' lang='lat' dir='ltr'>Alites</span> <span class='ocrx_word' id='word_1_5' title='bbox 347 472 463 549; x_wconf 84' lang='lat' dir='ltr'>festis</span> <span class='ocrx_word' id='word_1_6' title='bbox 492 473 649 550; x_wconf 89' lang='lat' dir='ltr'>oriente</span> <span class='ocrx_word' id='word_1_7' title='bbox 677 473 763 550; x_wconf 89' lang='lat' dir='ltr'>sole</span> 
     </span>
    </p>

    <p class='ocr_par' dir='ltr' id='par_1_3' title="bbox 184 580 976 658">
     <span class='ocr_line' id='line_1_3' title="bbox 184 580 976 658; baseline 0.003 -2"><span class='ocrx_word' id='word_1_8' title='bbox 184 580 366 656; x_wconf 79' lang='lat' dir='ltr'>Vocibus</span> <span class='ocrx_word' id='word_1_9' title='bbox 394 581 499 656; x_wconf 89' lang='lat' dir='ltr'>caeli</span> <span class='ocrx_word' id='word_1_10' title='bbox 525 580 751 656; x_wconf 89' lang='lat' dir='ltr'>Dominum</span> <span class='ocrx_word' id='word_1_11' title='bbox 779 581 976 658; x_wconf 83' lang='lat' dir='ltr'>salutant:</span> 
     </span>
    </p>

    <p class='ocr_par' dir='ltr' id='par_1_4' title="bbox 184 687 1016 873">
     <span class='ocr_line' id='line_1_4' title="bbox 184 687 1016 788; baseline 0.004 -26"><span class='ocrx_word' id='word_1_12' title='bbox 184 687 385 762; x_wconf 87' lang='lat' dir='ltr'><strong>Aemulus</strong></span> <span class='ocrx_word' id='word_1_13' title='bbox 412 690 576 763; x_wconf 86' lang='lat' dir='ltr'>turbam</span> <span class='ocrx_word' id='word_1_14' title='bbox 603 689 793 788; x_wconf 81' lang='lat' dir='ltr'>precibus</span> <span class='ocrx_word' id='word_1_15' title='bbox 822 713 1016 766; x_wconf 90' lang='lat' dir='ltr'>canoram</span> 
     </span>
     <span class='ocr_line' id='line_1_5' title="bbox 290 794 618 873; baseline -0.012 0"><span class='ocrx_word' id='word_1_16' title='bbox 290 794 467 873; x_wconf 79' lang='lat' dir='ltr'>Vincere</span> <span class='ocrx_word' id='word_1_17' title='bbox 496 794 618 872; x_wconf 86' lang='lat' dir='ltr'>disce.</span> 
     </span>
    </p>
   </div>
   <div class='ocr_carea' id='block_1_3' title="bbox 182 954 1037 1352">
    <p class='ocr_par' dir='ltr' id='par_1_5' title="bbox 183 954 934 1048">
     <span class='ocr_line' id='line_1_6' title="bbox 183 954 934 1048; baseline 0 -17"><span class='ocrx_word' id='word_1_18' title='bbox 183 956 356 1031; x_wconf 81' lang='lat' dir='ltr'>Advoca</span> <span class='ocrx_word' id='word_1_19' title='bbox 385 954 512 1047; x_wconf 81' lang='lat' dir='ltr'>divos,</span> <span class='ocrx_word' id='word_1_20' title='bbox 538 954 683 1030; x_wconf 84' lang='lat' dir='ltr'>studiis</span> <span class='ocrx_word' id='word_1_21' title='bbox 711 961 758 1030; x_wconf 87' lang='lat' dir='ltr'>ut</span> <span class='ocrx_word' id='word_1_22' title='bbox 785 955 934 1048; x_wconf 90' lang='lat' dir='ltr'>adsint,</span> 
     </span>
    </p>

    <p class='ocr_par' dir='ltr' id='par_1_6' title="bbox 183 1060 1037 1161">
     <span class='ocr_line' id='line_1_7' title="bbox 183 1060 1037 1161; baseline 0 -24"><span class='ocrx_word' id='word_1_23' title='bbox 183 1061 422 1137; x_wconf 90' lang='lat' dir='ltr'>Provehant</span> <span class='ocrx_word' id='word_1_24' title='bbox 449 1068 643 1161; x_wconf 88' lang='lat' dir='ltr'>coeptum</span> <span class='ocrx_word' id='word_1_25' title='bbox 670 1060 813 1138; x_wconf 81' lang='lat' dir='ltr'>faciles</span> <span class='ocrx_word' id='word_1_26' title='bbox 840 1064 1037 1155; x_wconf 89' lang='lat' dir='ltr'>laborem,</span> 
     </span>
    </p>

    <p class='ocr_par' dir='ltr' id='par_1_7' title="bbox 182 1168 974 1352">
     <span class='ocr_line' id='line_1_8' title="bbox 182 1168 974 1269; baseline -0.001 -25"><span class='ocrx_word' id='word_1_27' title='bbox 182 1169 377 1244; x_wconf 89' lang='lat' dir='ltr'>Liberum</span> <span class='ocrx_word' id='word_1_28' title='bbox 406 1175 572 1244; x_wconf 88' lang='lat' dir='ltr'>servent</span> <span class='ocrx_word' id='word_1_29' title='bbox 599 1168 783 1244; x_wconf 89' lang='lat' dir='ltr'>animum</span> <span class='ocrx_word' id='word_1_30' title='bbox 810 1168 974 1269; x_wconf 87' lang='lat' dir='ltr'>profani</span> 
     </span>
     <span class='ocr_line' id='line_1_9' title="bbox 290 1274 667 1352; baseline 0 -1"><span class='ocrx_word' id='word_1_31' title='bbox 290 1274 482 1351; x_wconf 85' lang='lat' dir='ltr'>Criminis</span> <span class='ocrx_word' id='word_1_32' title='bbox 512 1279 667 1352; x_wconf 88' lang='lat' dir='ltr'>umbra.</span> 
     </span>
    </p>
   </div>
   <div class='ocr_carea' id='block_1_4' title="bbox 182 1434 1050 1856">
    <p class='ocr_par' dir='ltr' id='par_1_8' title="bbox 183 1434 958 1528">
     <span class='ocr_line' id='line_1_10' title="bbox 183 1434 958 1528; baseline -0.001 -16"><span class='ocrx_word' id='word_1_33' title='bbox 183 1434 253 1512; x_wconf 88' lang='lat' dir='ltr'>Sic</span> <span class='ocrx_word' id='word_1_34' title='bbox 282 1436 381 1511; x_wconf 78' lang='lat' dir='ltr'>dies·</span> <span class='ocrx_word' id='word_1_35' title='bbox 397 1436 588 1511; x_wconf 85' lang='lat' dir='ltr'>decurret</span> <span class='ocrx_word' id='word_1_36' title='bbox 616 1442 659 1511; x_wconf 87' lang='lat' dir='ltr'>et</span> <span class='ocrx_word' id='word_1_37' title='bbox 687 1436 819 1512; x_wconf 87' lang='lat' dir='ltr'>omnis</span> <span class='ocrx_word' id='word_1_38' title='bbox 847 1437 958 1528; x_wconf 84' lang='lat' dir='ltr'>hora,</span> 
     </span>
    </p>

    <p class='ocr_par' dir='ltr' id='par_1_9' title="bbox 182 1543 1030 1644">
     <span class='ocr_line' id='line_1_11' title="bbox 182 1543 1030 1644; baseline -0.006 -23"><span class='ocrx_word' id='word_1_39' title='bbox 182 1543 241 1621; x_wconf 88' lang='lat' dir='ltr'>Ut</span> <span class='ocrx_word' id='word_1_40' title='bbox 268 1543 335 1618; x_wconf 85' lang='lat' dir='ltr'>dei</span> <span class='ocrx_word' id='word_1_41' title='bbox 364 1568 527 1643; x_wconf 89' lang='lat' dir='ltr'>semper</span> <span class='ocrx_word' id='word_1_42' title='bbox 554 1567 712 1620; x_wconf 92' lang='lat' dir='ltr'>memor</span> <span class='ocrx_word' id='word_1_43' title='bbox 738 1543 782 1618; x_wconf 90' lang='lat' dir='ltr'>in</span> <span class='ocrx_word' id='word_1_44' title='bbox 811 1545 1030 1644; x_wconf 90' lang='lat' dir='ltr'>superbum</span> 
     </span>
    </p>

    <p class='ocr_par' dir='ltr' id='par_1_10' title="bbox 182 1650 1050 1856">
     <span class='ocr_line' id='line_1_12' title="bbox 182 1650 1050 1751; baseline -0.001 -27"><span class='ocrx_word' id='word_1_45' title='bbox 182 1650 305 1727; x_wconf 83' lang='lat' dir='ltr'>Haud</span> <span class='ocrx_word' id='word_1_46' title='bbox 333 1650 456 1725; x_wconf 87' lang='lat' dir='ltr'>cadas</span> <span class='ocrx_word' id='word_1_47' title='bbox 482 1651 656 1750; x_wconf 88' lang='lat' dir='ltr'>lapsum,</span> <span class='ocrx_word' id='word_1_48' title='bbox 684 1650 795 1728; x_wconf 88' lang='lat' dir='ltr'>vitiis</span> <span class='ocrx_word' id='word_1_49' title='bbox 822 1650 1050 1751; x_wconf 89' lang='lat' dir='ltr'>propinquo</span> 
     </span>
     <span class='ocr_line' id='line_1_13' title="bbox 288 1757 661 1856; baseline 0 -24"><span class='ocrx_word' id='word_1_50' title='bbox 288 1757 470 1832; x_wconf 76' lang='lat' dir='ltr'>Tramite</span> <span class='ocrx_word' id='word_1_51' title='bbox 498 1758 661 1856; x_wconf 80' lang='lat' dir='ltr'>migres.</span> 
     </span>
    </p>
   </div>
   <div class='ocr_carea' id='block_1_5' title="bbox 564 2080 684 2087">
    <p class='ocr_par' dir='ltr' id='par_1_11' title="bbox 564 2080 684 2087">
     <span class='ocr_line' id='line_1_14' title="bbox 564 2080 684 2087; baseline 0 -1"><span class='ocrx_word' id='word_1_52' title='bbox 564 2081 575 2086; x_wconf 89' lang='lat'>..</span> <span class='ocrx_word' id='word_1_53' title='bbox 579 2080 684 2087; x_wconf 74' lang='lat'>--—--—</span> 
     </span>
    </p>
   </div>
   <div class='ocr_carea' id='block_1_6' title="bbox 560 2341 642 2407">
    <p class='ocr_par' dir='ltr' id='par_1_12' title="bbox 560 2341 642 2407">
     <span class='ocr_line' id='line_1_15' title="bbox 560 2341 642 2407; baseline 0.012 -1"><span class='ocrx_word' id='word_1_54' title='bbox 560 2341 642 2407; x_wconf 88' lang='lat' dir='ltr'>XII.</span> 
     </span>
    </p>
   </div>
   <div class='ocr_carea' id='block_1_7' title="bbox 260 2554 948 2636">
    <p class='ocr_par' dir='ltr' id='par_1_13' title="bbox 260 2554 948 2636">
     <span class='ocr_line' id='line_1_16' title="bbox 260 2554 948 2636; baseline 0.004 -6"><span class='ocrx_word' id='word_1_55' title='bbox 260 2554 538 2631; x_wconf 85' lang='lat' dir='ltr'><strong>MODESTIA</strong></span> <span class='ocrx_word' id='word_1_56' title='bbox 566 2555 712 2633; x_wconf 89' lang='lat' dir='ltr'><strong>RARA</strong></span> <span class='ocrx_word' id='word_1_57' title='bbox 739 2555 948 2636; x_wconf 86' lang='lat' dir='ltr'>VIRTUS.</span> 
     </span>
    </p>
   </div>
   <div class='ocr_carea' id='block_1_8' title="bbox 179 2765 1210 3163">
    <p class='ocr_par' dir='ltr' id='par_1_14' title="bbox 179 2765 1210 2843">
     <span class='ocr_line' id='line_1_17' title="bbox 179 2765 1210 2843; baseline -0.002 -3"><span class='ocrx_word' id='word_1_58' title='bbox 179 2765 327 2841; x_wconf 81' lang='lat' dir='ltr'>Rarior</span> <span class='ocrx_word' id='word_1_59' title='bbox 355 2791 477 2841; x_wconf 67' lang='lat' dir='ltr'>corvo</span> <span class='ocrx_word' id='word_1_60' title='bbox 505 2765 626 2841; x_wconf 88' lang='lat' dir='ltr'>niveo</span> <span class='ocrx_word' id='word_1_61' title='bbox 655 2766 818 2843; x_wconf 82' lang='lat' dir='ltr'>videtur</span> <span class='ocrx_word' id='word_1_62' title='bbox 1071 2784 1121 2837; x_wconf 75' lang='lat' dir='ltr'>fol.</span> <span class='ocrx_word' id='word_1_63' title='bbox 1141 2785 1210 2840; x_wconf 58' lang='grc'><strong>180*-</strong></span> 
     </span>
    </p>

    <p class='ocr_par' dir='ltr' id='par_1_15' title="bbox 179 2872 930 2967">
     <span class='ocr_line' id='line_1_18' title="bbox 179 2872 930 2967; baseline 0.005 -22"><span class='ocrx_word' id='word_1_64' title='bbox 179 2872 372 2949; x_wconf 86' lang='lat' dir='ltr'>Eruditus</span> <span class='ocrx_word' id='word_1_65' title='bbox 400 2872 463 2947; x_wconf 90' lang='lat' dir='ltr'>vir</span> <span class='ocrx_word' id='word_1_66' title='bbox 490 2872 611 2948; x_wconf 90' lang='lat' dir='ltr'>simul</span> <span class='ocrx_word' id='word_1_67' title='bbox 638 2882 680 2949; x_wconf 90' lang='lat' dir='ltr'>et</span> <span class='ocrx_word' id='word_1_68' title='bbox 707 2874 930 2967; x_wconf 78' lang='lat' dir='ltr'>modestus,</span> 
     </span>
    </p>

    <p class='ocr_par' dir='ltr' id='par_1_16' title="bbox 180 2978 1109 3163">
     <span class='ocr_line' id='line_1_19' title="bbox 180 2978 1109 3081; baseline 0.001 -27"><span class='ocrx_word' id='word_1_69' title='bbox 180 2979 258 3070; x_wconf 78' lang='lat' dir='ltr'>Qui</span> <span class='ocrx_word' id='word_1_70' title='bbox 288 2978 379 3055; x_wconf 88' lang='lat' dir='ltr'>sinu</span> <span class='ocrx_word' id='word_1_71' title='bbox 407 2979 592 3078; x_wconf 86' lang='lat' dir='ltr'>gaudens</span> <span class='ocrx_word' id='word_1_72' title='bbox 619 2981 749 3057; x_wconf 88' lang='lat' dir='ltr'>tacito</span> <span class='ocrx_word' id='word_1_73' title='bbox 778 2981 969 3081; x_wconf 86' lang='lat' dir='ltr'>fugacem</span> <span class='ocrx_word' id='word_1_74' title='bbox 998 2982 1109 3058; x_wconf 81' lang='lat' dir='ltr'>haud</span> 
     </span>
     <span class='ocr_line' id='line_1_20' title="bbox 286 3086 668 3163; baseline 0.005 -2"><span class='ocrx_word' id='word_1_75' title='bbox 286 3086 432 3162; x_wconf 86' lang='lat' dir='ltr'>Ambit</span> <span class='ocrx_word' id='word_1_76' title='bbox 457 3089 668 3163; x_wconf 89' lang='lat' dir='ltr'>honorem.</span> 
     </span>
    </p>
   </div>
   <div class='ocr_carea' id='block_1_9' title="bbox 178 3246 997 3644">
    <p class='ocr_par' dir='ltr' id='par_1_17' title="bbox 179 3246 994 3348">
     <span class='ocr_line' id='line_1_21' title="bbox 179 3246 994 3348; baseline 0.005 -26"><span class='ocrx_word' id='word_1_77' title='bbox 179 3246 258 3337; x_wconf 83' lang='lat' dir='ltr'>Qui</span> <span class='ocrx_word' id='word_1_78' title='bbox 286 3247 397 3321; x_wconf 90' lang='lat' dir='ltr'>viam</span> <span class='ocrx_word' id='word_1_79' title='bbox 425 3254 629 3324; x_wconf 87' lang='lat' dir='ltr'>monstrat</span> <span class='ocrx_word' id='word_1_80' title='bbox 656 3248 809 3348; x_wconf 90' lang='lat' dir='ltr'>populo</span> <span class='ocrx_word' id='word_1_81' title='bbox 839 3249 994 3341; x_wconf 85' lang='lat' dir='ltr'>salutis,</span> 
     </span>
    </p>

    <p class='ocr_par' dir='ltr' id='par_1_18' title="bbox 178 3353 948 3452">
     <span class='ocr_line' id='line_1_22' title="bbox 178 3353 948 3452; baseline 0.008 -26"><span class='ocrx_word' id='word_1_82' title='bbox 178 3353 312 3452; x_wconf 83' lang='lat' dir='ltr'>Erigit</span> <span class='ocrx_word' id='word_1_83' title='bbox 340 3354 497 3447; x_wconf 88' lang='lat' dir='ltr'>cristas,</span> <span class='ocrx_word' id='word_1_84' title='bbox 528 3355 657 3431; x_wconf 86' lang='lat' dir='ltr'>micat</span> <span class='ocrx_word' id='word_1_85' title='bbox 683 3355 792 3431; x_wconf 86' lang='lat' dir='ltr'>inter</span> <span class='ocrx_word' id='word_1_86' title='bbox 819 3363 948 3437; x_wconf 85' lang='lat' dir='ltr'>astra:</span> 
     </span>
    </p>

    <p class='ocr_par' dir='ltr' id='par_1_19' title="bbox 178 3460 997 3644">
     <span class='ocr_line' id='line_1_23' title="bbox 178 3460 997 3564; baseline 0.007 -31"><span class='ocrx_word' id='word_1_87' title='bbox 178 3461 226 3534; x_wconf 90' lang='lat' dir='ltr'>ln</span> <span class='ocrx_word' id='word_1_88' title='bbox 255 3460 407 3535; x_wconf 89' lang='lat' dir='ltr'>scholis</span> <span class='ocrx_word' id='word_1_89' title='bbox 435 3460 602 3537; x_wconf 88' lang='lat' dir='ltr'>tradens</span> <span class='ocrx_word' id='word_1_90' title='bbox 631 3463 837 3538; x_wconf 86' lang='lat' dir='ltr'>elementa</span> <span class='ocrx_word' id='word_1_91' title='bbox 863 3464 997 3564; x_wconf 90' lang='lat' dir='ltr'>prima</span> 
     </span>
     <span class='ocr_line' id='line_1_24' title="bbox 285 3566 596 3644; baseline 0 -1"><span class='ocrx_word' id='word_1_92' title='bbox 285 3566 449 3644; x_wconf 84' lang='lat' dir='ltr'>Cornua</span> <span class='ocrx_word' id='word_1_93' title='bbox 476 3568 596 3643; x_wconf 89' lang='lat' dir='ltr'>tollit.</span> 
     </span>
    </p>
   </div>
   <div class='ocr_carea' id='block_1_10' title="bbox 176 3724 1005 4041">
    <p class='ocr_par' dir='ltr' id='par_1_20' title="bbox 176 3724 1005 4041">
     <span class='ocr_line' id='line_1_25' title="bbox 178 3724 997 3828; baseline 0.002 -27"><span class='ocrx_word' id='word_1_94' title='bbox 178 3724 294 3803; x_wconf 85' lang='lat' dir='ltr'>Soita</span> <span class='ocrx_word' id='word_1_95' title='bbox 323 3728 391 3826; x_wconf 93' lang='lat' dir='ltr'>qui</span> <span class='ocrx_word' id='word_1_96' title='bbox 419 3728 562 3827; x_wconf 79' lang='lat' dir='ltr'>plebia,</span> <span class='ocrx_word' id='word_1_97' title='bbox 591 3728 791 3828; x_wconf 87' lang='lat' dir='ltr'>placitum</span> <span class='ocrx_word' id='word_1_98' title='bbox 819 3734 997 3820; x_wconf 81' lang='lat' dir='ltr'>senatus,</span> 
     </span>
     <span class='ocr_line' id='line_1_26' title="bbox 177 3834 915 3934; baseline 0.004 -26"><span class='ocrx_word' id='word_1_99' title='bbox 177 3834 273 3909; x_wconf 91' lang='lat' dir='ltr'>lura</span> <span class='ocrx_word' id='word_1_100' title='bbox 299 3834 512 3934; x_wconf 81' lang='lat' dir='ltr'>praetoria,</span> <span class='ocrx_word' id='word_1_101' title='bbox 541 3837 704 3911; x_wconf 90' lang='lat' dir='ltr'>tabulas</span> <span class='ocrx_word' id='word_1_102' title='bbox 733 3841 915 3911; x_wconf 87' lang='lat' dir='ltr'>vetustas</span> 
     </span>
     <span class='ocr_line' id='line_1_27' title="bbox 176 3941 1005 4041; baseline 0.002 -27"><span class='ocrx_word' id='word_1_103' title='bbox 176 3941 379 4041; x_wconf 76' lang='lat' dir='ltr'>Explicat,</span> <span class='ocrx_word' id='word_1_104' title='bbox 410 3951 619 4018; x_wconf 88' lang='lat' dir='ltr'>corrector</span> <span class='ocrx_word' id='word_1_105' title='bbox 647 3950 760 4020; x_wconf 86' lang='lat' dir='ltr'>amat</span> <span class='ocrx_word' id='word_1_106' title='bbox 785 3942 922 4018; x_wconf 82' lang='lat' dir='ltr'>vocari</span> <span class='ocrx_word' id='word_1_107' title='bbox 951 3967 1005 4016; x_wconf 90' lang='lat' dir='ltr'>an</span> 
     </span>
    </p>
   </div>
   <div class='ocr_carea' id='block_1_11' title="bbox 284 4046 614 4124">
    <p class='ocr_par' dir='ltr' id='par_1_21' title="bbox 284 4046 614 4124">
     <span class='ocr_line' id='line_1_28' title="bbox 284 4046 614 4124; baseline 0.003 -2"><span class='ocrx_word' id='word_1_108' title='bbox 284 4046 454 4124; x_wconf 83' lang='lat' dir='ltr'>Arbiter</span> <span class='ocrx_word' id='word_1_109' title='bbox 482 4049 614 4123; x_wconf 79' lang='lat' dir='ltr'>orbis?</span> 
     </span>
    </p>
   </div>
   <div class='ocr_carea' id='block_1_12' title="bbox 175 4205 1026 4605">
    <p class='ocr_par' dir='ltr' id='par_1_22' title="bbox 176 4205 896 4309">
     <span class='ocr_line' id='line_1_29' title="bbox 176 4205 896 4309; baseline 0.001 -27"><span class='ocrx_word' id='word_1_110' title='bbox 176 4205 314 4283; x_wconf 88' lang='lat' dir='ltr'>Altior</span> <span class='ocrx_word' id='word_1_111' title='bbox 342 4209 500 4284; x_wconf 85' lang='lat' dir='ltr'>cunctis</span> <span class='ocrx_word' id='word_1_112' title='bbox 527 4208 713 4284; x_wconf 89' lang='lat' dir='ltr'>medicus</span> <span class='ocrx_word' id='word_1_113' title='bbox 740 4207 896 4309; x_wconf 89' lang='lat' dir='ltr'>peritus</span> 
     </span>
    </p>

    <p class='ocr_par' dir='ltr' id='par_1_23' title="bbox 175 4315 974 4415">
     <span class='ocr_line' id='line_1_30' title="bbox 175 4315 974 4415; baseline -0.001 -27"><span class='ocrx_word' id='word_1_114' title='bbox 175 4315 351 4408; x_wconf 84' lang='lat' dir='ltr'>Eminet,</span> <span class='ocrx_word' id='word_1_115' title='bbox 382 4341 500 4391; x_wconf 91' lang='lat' dir='ltr'>curru</span> <span class='ocrx_word' id='word_1_116' title='bbox 528 4316 692 4390; x_wconf 88' lang='lat' dir='ltr'>vehitur</span> <span class='ocrx_word' id='word_1_117' title='bbox 718 4340 793 4415; x_wconf 88' lang='lat' dir='ltr'>per</span> <span class='ocrx_word' id='word_1_118' title='bbox 820 4317 974 4405; x_wconf 83' lang='lat' dir='ltr'>urbem,</span> 
     </span>
    </p>

    <p class='ocr_par' dir='ltr' id='par_1_24' title="bbox 175 4420 1026 4605">
     <span class='ocr_line' id='line_1_31' title="bbox 175 4420 1026 4523; baseline -0.002 -28"><span class='ocrx_word' id='word_1_119' title='bbox 175 4422 286 4496; x_wconf 90' lang='lat' dir='ltr'>Dum</span> <span class='ocrx_word' id='word_1_120' title='bbox 314 4420 433 4520; x_wconf 84' lang='lat' dir='ltr'>fugat</span> <span class='ocrx_word' id='word_1_121' title='bbox 461 4425 638 4513; x_wconf 67' lang='lat' dir='ltr'>morbos</span> <span class='ocrx_word' id='word_1_122' title='bbox 668 4423 818 4498; x_wconf 87' lang='lat' dir='ltr'>colitur</span> <span class='ocrx_word' id='word_1_123' title='bbox 843 4420 1026 4523; x_wconf 85' lang='lat' dir='ltr'>potentis</span> 
     </span>
     <span class='ocr_line' id='line_1_32' title="bbox 282 4529 636 4605; baseline 0.008 -3"><span class='ocrx_word' id='word_1_124' title='bbox 282 4529 470 4605; x_wconf 88' lang='lat' dir='ltr'>Numinis</span> <span class='ocrx_word' id='word_1_125' title='bbox 498 4530 636 4605; x_wconf 90' lang='lat' dir='ltr'>instar.</span> 
     </span>
    </p>
   </div>
   <div class='ocr_carea' id='block_1_13' title="bbox 1097 4649 1131 4701">
    <p class='ocr_par' dir='ltr' id='par_1_25' title="bbox 1097 4649 1131 4701">
     <span class='ocr_line' id='line_1_33' title="bbox 1097 4649 1131 4701; baseline -0.029 0"><span class='ocrx_word' id='word_1_126' title='bbox 1097 4649 1131 4701; x_wconf 75' lang='lat'>27</span> 
     </span>
    </p>
   </div>
   <div class='ocr_carea' id='block_1_14' title="bbox 0 0 1586 5154">
    <p class='ocr_par' dir='ltr' id='par_1_26' title="bbox 0 0 1586 5154">
     <span class='ocr_line' id='line_1_34' title="bbox 0 0 1586 5154; baseline 0 3"><span class='ocrx_word' id='word_1_127' title='bbox 0 0 1586 5154; x_wconf 95' lang='lat' dir='ltr'> </span> 
     </span>
    </p>
   </div>
  </div>
 </body>
</html>
