3164 5154
705 184 909 240 SILVARUM

378 387 489 485 Ergo
518 385 741 484 flagrantes
769 391 986 484 penetrare
1014 391 1145 460 terras

379 493 482 592 Igne
510 518 578 568 me
607 491 712 569 caeli
740 491 855 567 iuvet
882 498 1007 592 atque
1036 491 1168 567 aniles

382 599 536 675 Nenias
564 599 705 685 ridere,
735 599 821 674 solo
852 600 1004 674 docent
1032 624 1137 698 quae

487 707 646 805 Repere
676 705 785 780 trito,

381 865 526 964 Excipi
555 891 709 940 numen
737 866 920 940 thalamo
950 865 1104 941 calenti

385 972 530 1048 Cordis
559 972 750 1064 exambit,
778 972 887 1071 fugit
915 998 938 1046 a
967 972 1145 1072 tepenti:

385 1078 478 1168 Qua
506 1080 627 1153 deum
656 1079 788 1179 possis
816 1079 993 1180 reperire
1023 1080 1132 1169 sede,
1162 1080 1256 1154 hinc

489 1185 662 1261 Discere
691 1211 878 1285 pronum.
1381 1237 1399 1274 s

731 1490 889 1498 ————

764 1735 860 1798 XVI.

525 1915 694 1990 INDEX
723 1916 880 1992 ANIMI
908 1916 1103 1993 SERMO.

387 2091 540 2167 Mentis
569 2102 633 2169 est
658 2093 794 2184 indat,
824 2093 1080 2185 Philodeme‚
1112 2119 1256 2184 sermo,
1299 2107 1341 2162 ot
1359 2107 1407 2160 171¹-

387 2199 604 2292 Lubricae‚
636 2207 784 2293 castae,
812 2201 958 2278 niveae
986 2200 1052 2275 vel
1080 2210 1207 2292 atrae,

388 2304 517 2381 Astra
545 2308 780 2406 quaerentis
808 2308 874 2382 vel
902 2333 1026 2383 avara
1053 2308 1201 2383 maesti

493 2413 659 2491 Limina
685 2415 806 2491 Ditis.

388 2575 524 2649 Frena
552 2576 649 2650 dum
677 2575 845 2674 linguae
873 2573 1047 2649 nimium
1075 2575 1241 2674 procaci

388 2682 580 2782 Improbe
609 2683 736 2774 laxae,
766 2681 935 2757 inimica
962 2681 1122 2781 spargis

389 2789 492 2865 Tela
520 2789 562 2863 in
591 2793 795 2879 absentes,
826 2788 954 2864 animi
982 2789 1171 2864 nocentis

496 2896 692 2971 Proditur
720 2904 868 2972 aestus.

391 3056 461 3132 An
489 3064 606 3131 tuum
636 3057 790 3132 crimen
819 3056 989 3132 latuisse
1019 3056 1165 3147 credis

391 3164 471 3241 Ore
501 3164 598 3238 dum
628 3165 769 3264 culpas
799 3164 902 3239 alios
930 3166 1147 3262 protervo?

390 3271 579 3347 Falleris:
609 3279 753 3346 notum
784 3272 915 3345 scelus
945 3277 1068 3369 atque
1098 3269 1230 3370 iniqui

498 3378 686 3454 Pectoris
716 3379 847 3453 ardor.

392 3539 557 3614 Emicat
584 3538 719 3613 verbis
750 3537 939 3612 inimicus
968 3538 1122 3620 horror,

392 3646 554 3722 Emicat
583 3651 752 3721 sanctus
780 3645 912 3744 pudor
941 3651 983 3720 et
1011 3645 1142 3719 sereni

393 3754 557 3830 Blanda
584 3752 655 3827 fax
684 3753 818 3827 cordis
847 3751 1047 3827 tumidive
1075 3775 1186 3826 vana

503 3860 647 3935 Gloria
673 3859 815 3935 fastus.

396 4023 589 4098 Forsitan
618 4020 792 4120 simplex
821 4019 1031 4095 dubitaret
1059 4025 1173 4093 aetas

399 4132 487 4205 Aut
513 4129 637 4203 fidem
668 4127 788 4203 dictis
818 4127 1035 4202 adhiberet
1063 4126 1211 4200 ullam:

399 4237 573 4312 Saeculo
603 4235 734 4334 quivis
763 4243 891 4333 negat
920 4234 1079 4308 erudito

496 4343 644 4418 Fidere
672 4342 778 4416 fuco,
