3164 5154
561 243 636 299 LIB.
654 243 711 298 111.
734 245 848 300 15-17.

189 444 289 520 Mox
316 442 471 519 vallum
498 447 654 518 struere
683 449 756 518 aut
782 441 949 517 mittere
977 441 1149 540 spicula,

190 550 444 651 Oppugnare
471 548 591 625 novis
620 548 773 648 oppida
799 548 1015 639 machinis,

190 659 416 732 Decertare
444 655 535 731 acie
563 661 688 756 atque
717 654 889 755 agmina
915 653 1098 744 fundere,

297 764 450 838 Hostes
478 762 633 861 pellere
661 761 809 862 patria.
1061 768 1064 774 ’

191 923 301 998 Olim
329 920 526 997 nobilitas
554 920 711 997 artibus
739 921 804 996 his
833 920 961 1012 stetit,

190 1029 266 1105 His
295 1029 485 1104 Romana
513 1027 647 1102 modis
676 1034 801 1103 aucta
827 1027 1029 1127 potentia,

189 1136 267 1210 His
295 1134 450 1211 versuti
478 1134 602 1211 hodie
629 1158 717 1209 rem
744 1157 936 1235 proceres
964 1136 1116 1232 gerunt

296 1241 556 1341 Miscentque
584 1240 698 1318 acria
724 1240 894 1341 proelia.

189 1399 329 1476 Armis
358 1400 532 1477 consilia
559 1407 605 1477 at
631 1400 804 1500 provida
831 1399 1003 1499 iungere

188 1508 251 1583 Ne
279 1532 406 1600 cessa,
434 1530 596 1584 moneo.
652 1508 762 1582 Mole
790 1506 873 1581 ruit
900 1531 974 1581 sua

188 1613 263 1690 Vis
291 1638 376 1690 non
405 1620 530 1689 cauta
557 1615 669 1690 satis.
725 1614 902 1713 Respice
931 1611 1175 1688 Thraciam:

295 1719 365 1795 An
392 1745 478 1795 non
508 1719 630 1820 copia
656 1719 865 1821 perdidit?

190 1879 300 1971 Quid
327 1880 525 1956 tandem?
553 1886 753 1980 superest,
782 1885 831 1955 ut
856 1886 1017 1955 metuas
1046 1878 1181 1969 deum,

191 1984 464 2062 Commendes
494 1986 620 2063 etiam
649 1992 803 2062 cuncta
828 1986 1021 2084 negotia:

189 2092 442 2170 Fortunatus
471 2092 560 2186 1111,
588 2092 623 2168 si
652 2092 788 2192 superi
816 2098 1013 2186 annuant,

295 2200 401 2275 Nam
429 2198 518 2276 fata
544 2199 759 2275 invenient
784 2199 907 2275 viam.

663 2814 780 2885 ΧἯΙ.

99 3034 221 3113 NON
248 3033 587 3111 DIFFERENDA
615 3032 993 3110 PAENITENTIA.
1049 3029 1335 3108 DIALOGUS.

192 3230 308 3321 ‚Quis
336 3233 423 3304 tu?‘
453 3229 692 3305 ‘Sacerdoa’
723 3228 831 3321 ‚Non
861 3227 998 3304 animo
1025 3226 1142 3303 vides
1207 3241 1258 3295 fol.
1277 3242 1330 3297 351-

187 3337 291 3412 Labi
320 3336 565 3411 Metellum?
592 3341 761 3434 pectore
791 3334 959 3410 condita

242 3442 406 3519 Solacia
433 3467 627 3541 exprome
657 3448 699 3517 et
727 3440 913 3517 cadentis

293 3548 502 3649 Prospice‚
533 3574 629 3624 cum
656 3548 792 3640 liceat,
821 3546 970 3623 saluti!

188 3707 358 3784 ‘Curare
387 3708 534 3809 culpae
563 3706 735 3783 conscia
762 3712 933 3806 pectora

189 3813 322 3906 Quam
349 3840 417 3890 me
445 3814 612 3904 iuvabit
641 3812 817 3889 crimina
845 3814 1029 3888 solvere?

242 3919 322 3996 Ast
349 3919 428 3997 iste
456 3919 626 4019 fungus:
653 3920 868 4019 paenitere

294 4027 387 4103 Non
416 4026 617 4103 scelerum
644 4026 748 4102 libet
775 4031 848 4102 aut
877 4023 1025 4100 dolere.

186 4186 355 4262 Dudum
383 4186 581 4286 profanae
609 4185 726 4262 frena
754 4186 948 4261 licentiae

185 4293 365 4369 Laxavit
393 4317 553 4370 amens:
581 4317 665 4369 non
693 4293 868 4370 Veneris
895 4316 998 4391 puer

241 4401 295 4475 Et
320 4402 448 4476 verba
473 4405 738 4500 praetextata
765 4398 886 4476 foedo

296 4507 472 4608 Semper
498 4507 544 4583 in
572 4532 642 4584 ore
670 4506 834 4607 iooique
856 4511 996 4605 turpes
1006 4504 1036 4578 θ’
