<?xml version="1.0" encoding="UTF-8"?>
<!DOCTYPE html PUBLIC "-//W3C//DTD XHTML 1.0 Transitional//EN"
    "http://www.w3.org/TR/xhtml1/DTD/xhtml1-transitional.dtd">
<html xmlns="http://www.w3.org/1999/xhtml" xml:lang="en" lang="en">
 <head>
  <title>
</title>
<meta http-equiv="Content-Type" content="text/html;charset=utf-8" />
  <meta name='ocr-system' content='tesseract 3.04.00' />
  <meta name='ocr-capabilities' content='ocr_page ocr_carea ocr_par ocr_line ocrx_word'/>
</head>
<body>
  <div class='ocr_page' id='page_1' title='image "./psimonrettenbac00lehngoog/psimonrettenbac00lehngoog_0254.png"; bbox 0 0 3164 5154; ppageno 0'>
   <div class='ocr_carea' id='block_1_1' title="bbox 657 234 905 292">
    <p class='ocr_par' dir='ltr' id='par_1_1' title="bbox 657 234 905 292">
     <span class='ocr_line' id='line_1_1' title="bbox 657 234 905 292; baseline 0 -1"><span class='ocrx_word' id='word_1_1' title='bbox 657 234 731 291; x_wconf 82' lang='lat' dir='ltr'><strong>LIB-</strong></span> <span class='ocrx_word' id='word_1_2' title='bbox 749 235 788 291; x_wconf 90' lang='grc' dir='ltr'>Π.</span> <span class='ocrx_word' id='word_1_3' title='bbox 806 236 905 292; x_wconf 85' lang='grc'><strong>9-11.</strong></span> 
     </span>
    </p>
   </div>
   <div class='ocr_carea' id='block_1_2' title="bbox 296 433 1176 833">
    <p class='ocr_par' dir='ltr' id='par_1_2' title="bbox 297 433 1157 527">
     <span class='ocr_line' id='line_1_2' title="bbox 297 433 1157 527; baseline 0 -17"><span class='ocrx_word' id='word_1_4' title='bbox 297 436 434 511; x_wconf 87' lang='lat' dir='ltr'>Nauta</span> <span class='ocrx_word' id='word_1_5' title='bbox 461 434 535 510; x_wconf 87' lang='lat' dir='ltr'>sed</span> <span class='ocrx_word' id='word_1_6' title='bbox 562 433 715 510; x_wconf 82' lang='lat' dir='ltr'>frustra</span> <span class='ocrx_word' id='word_1_7' title='bbox 741 459 816 511; x_wconf 91' lang='lat' dir='ltr'>sua</span> <span class='ocrx_word' id='word_1_8' title='bbox 843 434 996 512; x_wconf 86' lang='lat' dir='ltr'>damna</span> <span class='ocrx_word' id='word_1_9' title='bbox 1024 433 1157 527; x_wconf 86' lang='lat' dir='ltr'>deflet,</span> 
     </span>
    </p>

    <p class='ocr_par' dir='ltr' id='par_1_3' title="bbox 296 541 1176 643">
     <span class='ocr_line' id='line_1_3' title="bbox 296 541 1176 643; baseline 0.001 -26"><span class='ocrx_word' id='word_1_10' title='bbox 296 544 407 618; x_wconf 92' lang='lat' dir='ltr'>Dum</span> <span class='ocrx_word' id='word_1_11' title='bbox 434 541 546 643; x_wconf 89' lang='lat' dir='ltr'>rapit</span> <span class='ocrx_word' id='word_1_12' title='bbox 572 565 766 641; x_wconf 88' lang='lat' dir='ltr'>quassam</span> <span class='ocrx_word' id='word_1_13' title='bbox 793 541 965 642; x_wconf 87' lang='lat' dir='ltr'>pelagus</span> <span class='ocrx_word' id='word_1_14' title='bbox 993 541 1176 618; x_wconf 80' lang='lat' dir='ltr'>carinam</span> 
     </span>
    </p>

    <p class='ocr_par' dir='ltr' id='par_1_4' title="bbox 296 648 1042 833">
     <span class='ocr_line' id='line_1_4' title="bbox 296 648 1042 751; baseline 0.004 -28"><span class='ocrx_word' id='word_1_15' title='bbox 296 650 350 726; x_wconf 86' lang='lat' dir='ltr'>Et</span> <span class='ocrx_word' id='word_1_16' title='bbox 375 649 507 725; x_wconf 87' lang='lat' dir='ltr'>Notus</span> <span class='ocrx_word' id='word_1_17' title='bbox 533 653 624 724; x_wconf 91' lang='lat' dir='ltr'>toto</span> <span class='ocrx_word' id='word_1_18' title='bbox 652 648 887 748; x_wconf 78' lang='lat' dir='ltr'>Boreaeque</span> <span class='ocrx_word' id='word_1_19' title='bbox 914 656 1042 751; x_wconf 89' lang='lat' dir='ltr'>ponto</span> 
     </span>
     <span class='ocr_line' id='line_1_5' title="bbox 403 754 786 833; baseline 0 -2"><span class='ocrx_word' id='word_1_20' title='bbox 403 755 571 833; x_wconf 79' lang='lat' dir='ltr'>Proelia</span> <span class='ocrx_word' id='word_1_21' title='bbox 597 754 786 833; x_wconf 87' lang='lat' dir='ltr'>miscent.</span> 
     </span>
    </p>
   </div>
   <div class='ocr_carea' id='block_1_3' title="bbox 735 1214 798 1280">
    <p class='ocr_par' dir='ltr' id='par_1_5' title="bbox 735 1214 798 1280">
     <span class='ocr_line' id='line_1_6' title="bbox 735 1214 798 1280; baseline 0 0"><span class='ocrx_word' id='word_1_22' title='bbox 735 1214 798 1280; x_wconf 86' lang='lat' dir='ltr'>XL</span> 
     </span>
    </p>
   </div>
   <div class='ocr_carea' id='block_1_4' title="bbox 176 1375 1368 1705">
    <p class='ocr_par' dir='ltr' id='par_1_6' title="bbox 176 1375 1368 1705">
     <span class='ocr_line' id='line_1_7' title="bbox 222 1375 1335 1480; baseline -0.001 -23"><span class='ocrx_word' id='word_1_23' title='bbox 222 1380 296 1457; x_wconf 90' lang='lat' dir='ltr'>EX</span> <span class='ocrx_word' id='word_1_24' title='bbox 323 1377 573 1457; x_wconf 86' lang='lat' dir='ltr'>PERSONA</span> <span class='ocrx_word' id='word_1_25' title='bbox 600 1375 892 1473; x_wconf 78' lang='lat' dir='ltr'>MELANDR1‚</span> <span class='ocrx_word' id='word_1_26' title='bbox 920 1377 1015 1480; x_wconf 72' lang='lat' dir='ltr'>QUI</span> <span class='ocrx_word' id='word_1_27' title='bbox 1043 1377 1335 1457; x_wconf 86' lang='lat' dir='ltr'>GAUDEBAT</span> 
     </span>
     <span class='ocr_line' id='line_1_8' title="bbox 176 1499 1368 1705; baseline -0.004 -121"><span class='ocrx_word' id='word_1_28' title='bbox 176 1506 241 1584; x_wconf 86' lang='lat' dir='ltr'>SE</span> <span class='ocrx_word' id='word_1_29' title='bbox 272 1504 453 1582; x_wconf 91' lang='lat' dir='ltr'>VULTU</span> <span class='ocrx_word' id='word_1_30' title='bbox 485 1499 925 1705; x_wconf 42' lang='lat' dir='ltr'>NIGRgAZZSlssffl</span> <span class='ocrx_word' id='word_1_31' title='bbox 959 1500 1368 1581; x_wconf 87' lang='lat' dir='ltr'>CONTEMNEBAT</span> 
     </span>
    </p>
   </div>
   <div class='ocr_carea' id='block_1_5' title="bbox 295 1786 1386 1887">
    <p class='ocr_par' dir='ltr' id='par_1_7' title="bbox 295 1786 1386 1887">
     <span class='ocr_line' id='line_1_9' title="bbox 295 1786 1386 1887; baseline -0.005 -20"><span class='ocrx_word' id='word_1_32' title='bbox 295 1789 555 1867; x_wconf 81' lang='lat' dir='ltr'>Credamne?</span> <span class='ocrx_word' id='word_1_33' title='bbox 587 1786 717 1864; x_wconf 89' lang='lat' dir='ltr'>Vultu</span> <span class='ocrx_word' id='word_1_34' title='bbox 745 1812 811 1862; x_wconf 92' lang='lat' dir='ltr'>me</span> <span class='ocrx_word' id='word_1_35' title='bbox 841 1787 1054 1886; x_wconf 89' lang='lat' dir='ltr'>speculum</span> <span class='ocrx_word' id='word_1_36' title='bbox 1081 1787 1199 1887; x_wconf 90' lang='lat' dir='ltr'>nigro</span> <span class='ocrx_word' id='word_1_37' title='bbox 1264 1802 1314 1857; x_wconf 83' lang='lat' dir='ltr'>fol.</span> <span class='ocrx_word' id='word_1_38' title='bbox 1334 1804 1386 1861; x_wconf 75' lang='lat'><strong>82¹·</strong></span> 
     </span>
    </p>
   </div>
   <div class='ocr_carea' id='block_1_6' title="bbox 294 1892 1294 2208">
    <p class='ocr_par' dir='ltr' id='par_1_8' title="bbox 294 1892 1294 2208">
     <span class='ocr_line' id='line_1_10' title="bbox 294 1892 1294 1996; baseline -0.001 -25"><span class='ocrx_word' id='word_1_39' title='bbox 294 1895 439 1996; x_wconf 78' lang='lat' dir='ltr'>Pingit</span> <span class='ocrx_word' id='word_1_40' title='bbox 466 1900 702 1996; x_wconf 90' lang='lat' dir='ltr'>protervum</span> <span class='ocrx_word' id='word_1_41' title='bbox 731 1898 856 1994; x_wconf 87' lang='lat' dir='ltr'>atque</span> <span class='ocrx_word' id='word_1_42' title='bbox 883 1892 1137 1993; x_wconf 79' lang='lat' dir='ltr'>Aethiopum</span> <span class='ocrx_word' id='word_1_43' title='bbox 1165 1920 1294 1995; x_wconf 87' lang='lat' dir='ltr'>genus</span> 
     </span>
     <span class='ocr_line' id='line_1_11' title="bbox 350 2000 1091 2094; baseline -0.003 -16"><span class='ocrx_word' id='word_1_44' title='bbox 350 2003 544 2079; x_wconf 75' lang='lat' dir='ltr'>Clamant</span> <span class='ocrx_word' id='word_1_45' title='bbox 571 2000 707 2077; x_wconf 88' lang='lat' dir='ltr'>amici:</span> <span class='ocrx_word' id='word_1_46' title='bbox 737 2000 941 2076; x_wconf 89' lang='lat' dir='ltr'>calculum</span> <span class='ocrx_word' id='word_1_47' title='bbox 968 2000 1091 2094; x_wconf 86' lang='lat' dir='ltr'>unda,</span> 
     </span>
     <span class='ocr_line' id='line_1_12' title="bbox 401 2106 1174 2208; baseline -0.001 -23"><span class='ocrx_word' id='word_1_48' title='bbox 401 2111 512 2186; x_wconf 89' lang='lat' dir='ltr'>Dum</span> <span class='ocrx_word' id='word_1_49' title='bbox 539 2108 725 2208; x_wconf 88' lang='lat' dir='ltr'>placidus</span> <span class='ocrx_word' id='word_1_50' title='bbox 755 2106 848 2183; x_wconf 89' lang='lat' dir='ltr'>silet</span> <span class='ocrx_word' id='word_1_51' title='bbox 874 2108 1016 2199; x_wconf 84' lang='lat' dir='ltr'>Eurus,</span> <span class='ocrx_word' id='word_1_52' title='bbox 1047 2107 1174 2184; x_wconf 88' lang='lat' dir='ltr'>addit.</span> 
     </span>
    </p>
   </div>
   <div class='ocr_carea' id='block_1_7' title="bbox 294 2267 1149 2690">
    <p class='ocr_par' dir='ltr' id='par_1_9' title="bbox 294 2267 1149 2690">
     <span class='ocr_line' id='line_1_13' title="bbox 294 2267 1149 2367; baseline 0.001 -22"><span class='ocrx_word' id='word_1_53' title='bbox 294 2271 454 2345; x_wconf 89' lang='lat' dir='ltr'>Durum</span> <span class='ocrx_word' id='word_1_54' title='bbox 482 2293 636 2367; x_wconf 90' lang='lat' dir='ltr'>negare</span> <span class='ocrx_word' id='word_1_55' title='bbox 665 2275 738 2343; x_wconf 89' lang='lat' dir='ltr'>est.</span> <span class='ocrx_word' id='word_1_56' title='bbox 770 2267 1021 2344; x_wconf 81' lang='lat' dir='ltr'>Candidulus</span> <span class='ocrx_word' id='word_1_57' title='bbox 1049 2268 1149 2345; x_wconf 91' lang='lat' dir='ltr'>licet</span> 
     </span>
     <span class='ocr_line' id='line_1_14' title="bbox 297 2374 1066 2478; baseline -0.003 -26"><span class='ocrx_word' id='word_1_58' title='bbox 297 2376 447 2478; x_wconf 87' lang='lat' dir='ltr'>Optem</span> <span class='ocrx_word' id='word_1_59' title='bbox 474 2375 615 2466; x_wconf 83' lang='lat' dir='ltr'>videri,</span> <span class='ocrx_word' id='word_1_60' title='bbox 644 2375 819 2450; x_wconf 90' lang='lat' dir='ltr'>testibus</span> <span class='ocrx_word' id='word_1_61' title='bbox 847 2374 1066 2475; x_wconf 84' lang='lat' dir='ltr'>opprimor.</span> 
     </span>
     <span class='ocr_line' id='line_1_15' title="bbox 350 2482 1018 2573; baseline -0.004 -13"><span class='ocrx_word' id='word_1_62' title='bbox 350 2483 468 2560; x_wconf 90' lang='lat' dir='ltr'>Solus</span> <span class='ocrx_word' id='word_1_63' title='bbox 497 2482 687 2558; x_wconf 85' lang='lat' dir='ltr'>resistam</span> <span class='ocrx_word' id='word_1_64' title='bbox 716 2482 860 2557; x_wconf 89' lang='lat' dir='ltr'>ardore</span> <span class='ocrx_word' id='word_1_65' title='bbox 889 2489 1018 2573; x_wconf 77' lang='lat' dir='ltr'>torve,</span> 
     </span>
     <span class='ocr_line' id='line_1_16' title="bbox 402 2588 1027 2690; baseline -0.002 -25"><span class='ocrx_word' id='word_1_66' title='bbox 402 2590 463 2666; x_wconf 90' lang='lat' dir='ltr'>Ne</span> <span class='ocrx_word' id='word_1_67' title='bbox 492 2596 706 2690; x_wconf 89' lang='lat' dir='ltr'>superatus</span> <span class='ocrx_word' id='word_1_68' title='bbox 735 2588 848 2664; x_wconf 88' lang='lat' dir='ltr'>abire</span> <span class='ocrx_word' id='word_1_69' title='bbox 878 2592 1027 2686; x_wconf 80' lang='lat' dir='ltr'>cogar?</span> 
     </span>
    </p>
   </div>
   <div class='ocr_carea' id='block_1_8' title="bbox 296 2747 1185 3147">
    <p class='ocr_par' dir='ltr' id='par_1_10' title="bbox 296 2747 1185 3147">
     <span class='ocr_line' id='line_1_17' title="bbox 296 2747 1084 2841; baseline -0.004 -16"><span class='ocrx_word' id='word_1_70' title='bbox 296 2751 388 2826; x_wconf 93' lang='lat' dir='ltr'>Non</span> <span class='ocrx_word' id='word_1_71' title='bbox 415 2750 458 2824; x_wconf 88' lang='lat' dir='ltr'>id</span> <span class='ocrx_word' id='word_1_72' title='bbox 485 2774 679 2841; x_wconf 87' lang='lat' dir='ltr'>mearum,</span> <span class='ocrx_word' id='word_1_73' title='bbox 707 2747 892 2840; x_wconf 83' lang='lat' dir='ltr'>Pontice,</span> <span class='ocrx_word' id='word_1_74' title='bbox 919 2747 1084 2822; x_wconf 88' lang='lat' dir='ltr'>virium:</span> 
     </span>
     <span class='ocr_line' id='line_1_18' title="bbox 297 2853 1139 2955; baseline -0.006 -21"><span class='ocrx_word' id='word_1_75' title='bbox 297 2858 409 2934; x_wconf 86' lang='lat' dir='ltr'>Cedo</span> <span class='ocrx_word' id='word_1_76' title='bbox 437 2857 627 2932; x_wconf 78' lang='lat' dir='ltr'>revictus.</span> <span class='ocrx_word' id='word_1_77' title='bbox 657 2856 824 2932; x_wconf 85' lang='lat' dir='ltr'>Maurus</span> <span class='ocrx_word' id='word_1_78' title='bbox 854 2879 907 2930; x_wconf 93' lang='lat' dir='ltr'>an</span> <span class='ocrx_word' id='word_1_79' title='bbox 935 2853 1139 2955; x_wconf 89' lang='lat' dir='ltr'>Aethiops</span> 
     </span>
     <span class='ocr_line' id='line_1_19' title="bbox 348 2960 1061 3040; baseline -0.006 0"><span class='ocrx_word' id='word_1_80' title='bbox 348 2965 498 3040; x_wconf 89' lang='lat' dir='ltr'>Nostra</span> <span class='ocrx_word' id='word_1_81' title='bbox 524 2962 699 3040; x_wconf 81' lang='lat' dir='ltr'>refertur</span> <span class='ocrx_word' id='word_1_82' title='bbox 726 2962 889 3038; x_wconf 82' lang='lat' dir='ltr'>fronte?</span> <span class='ocrx_word' id='word_1_83' title='bbox 919 2960 1061 3037; x_wconf 88' lang='lat' dir='ltr'>Oorvis</span> 
     </span>
     <span class='ocr_line' id='line_1_20' title="bbox 403 3067 1185 3147; baseline -0.001 -1"><span class='ocrx_word' id='word_1_84' title='bbox 403 3069 601 3146; x_wconf 87' lang='lat' dir='ltr'>Omnibus</span> <span class='ocrx_word' id='word_1_85' title='bbox 631 3077 694 3147; x_wconf 87' lang='lat' dir='ltr'>est</span> <span class='ocrx_word' id='word_1_86' title='bbox 721 3068 833 3145; x_wconf 90' lang='lat' dir='ltr'>color</span> <span class='ocrx_word' id='word_1_87' title='bbox 860 3067 972 3144; x_wconf 88' lang='lat' dir='ltr'>idem</span> <span class='ocrx_word' id='word_1_88' title='bbox 1000 3076 1043 3145; x_wconf 92' lang='lat' dir='ltr'>et</span> <span class='ocrx_word' id='word_1_89' title='bbox 1069 3093 1185 3145; x_wconf 75' lang='lat' dir='ltr'>unus,</span> 
     </span>
    </p>
   </div>
   <div class='ocr_carea' id='block_1_9' title="bbox 296 3228 1240 3651">
    <p class='ocr_par' dir='ltr' id='par_1_11' title="bbox 296 3228 1240 3651">
     <span class='ocr_line' id='line_1_21' title="bbox 296 3228 977 3329; baseline -0.003 -24"><span class='ocrx_word' id='word_1_90' title='bbox 296 3230 481 3307; x_wconf 83' lang='lat' dir='ltr'>Dilectus</span> <span class='ocrx_word' id='word_1_91' title='bbox 510 3231 596 3305; x_wconf 89' lang='lat' dir='ltr'>ales</span> <span class='ocrx_word' id='word_1_92' title='bbox 624 3229 762 3305; x_wconf 87' lang='lat' dir='ltr'>furvus</span> <span class='ocrx_word' id='word_1_93' title='bbox 790 3228 977 3329; x_wconf 87' lang='lat' dir='ltr'>Apollini</span> 
     </span>
     <span class='ocr_line' id='line_1_22' title="bbox 297 3335 1240 3436; baseline -0.003 -23"><span class='ocrx_word' id='word_1_94' title='bbox 297 3337 434 3436; x_wconf 86' lang='lat' dir='ltr'>Atque</span> <span class='ocrx_word' id='word_1_95' title='bbox 462 3337 646 3412; x_wconf 88' lang='lat' dir='ltr'>aemulus</span> <span class='ocrx_word' id='word_1_96' title='bbox 674 3335 791 3412; x_wconf 91' lang='lat' dir='ltr'>nocti</span> <span class='ocrx_word' id='word_1_97' title='bbox 819 3343 882 3412; x_wconf 90' lang='lat' dir='ltr'>est</span> <span class='ocrx_word' id='word_1_98' title='bbox 908 3335 1017 3412; x_wconf 89' lang='lat' dir='ltr'>Iovis</span> <span class='ocrx_word' id='word_1_99' title='bbox 1046 3335 1240 3436; x_wconf 83' lang='lat' dir='ltr'>armiger:</span> 
     </span>
     <span class='ocr_line' id='line_1_23' title="bbox 350 3442 1088 3543; baseline -0.001 -25"><span class='ocrx_word' id='word_1_100' title='bbox 350 3443 460 3535; x_wconf 84' lang='lat' dir='ltr'>Quin</span> <span class='ocrx_word' id='word_1_101' title='bbox 489 3451 752 3543; x_wconf 85' lang='lat' dir='ltr'>arrogantem</span> <span class='ocrx_word' id='word_1_102' title='bbox 780 3467 896 3518; x_wconf 86' lang='lat' dir='ltr'>sumo</span> <span class='ocrx_word' id='word_1_103' title='bbox 925 3442 1088 3533; x_wconf 86' lang='lat' dir='ltr'>fastum,</span> 
     </span>
     <span class='ocr_line' id='line_1_24' title="bbox 403 3547 1123 3651; baseline -0.003 -24"><span class='ocrx_word' id='word_1_104' title='bbox 403 3551 507 3627; x_wconf 88' lang='lat' dir='ltr'>Oum</span> <span class='ocrx_word' id='word_1_105' title='bbox 536 3551 700 3651; x_wconf 88' lang='lat' dir='ltr'>placeat</span> <span class='ocrx_word' id='word_1_106' title='bbox 727 3575 821 3626; x_wconf 88' lang='lat' dir='ltr'>mea</span> <span class='ocrx_word' id='word_1_107' title='bbox 848 3547 981 3625; x_wconf 87' lang='lat' dir='ltr'>forma</span> <span class='ocrx_word' id='word_1_108' title='bbox 1009 3549 1123 3625; x_wconf 85' lang='lat' dir='ltr'>divis.</span> 
     </span>
    </p>
   </div>
   <div class='ocr_carea' id='block_1_10' title="bbox 296 3708 1186 4131">
    <p class='ocr_par' dir='ltr' id='par_1_12' title="bbox 296 3708 1186 4131">
     <span class='ocr_line' id='line_1_25' title="bbox 297 3708 1136 3801; baseline 0.004 -18"><span class='ocrx_word' id='word_1_109' title='bbox 297 3710 519 3787; x_wconf 86' lang='lat' dir='ltr'>Praestans</span> <span class='ocrx_word' id='word_1_110' title='bbox 548 3710 601 3785; x_wconf 87' lang='lat' dir='ltr'>sit</span> <span class='ocrx_word' id='word_1_111' title='bbox 628 3710 731 3786; x_wconf 89' lang='lat' dir='ltr'>albis</span> <span class='ocrx_word' id='word_1_112' title='bbox 761 3710 916 3786; x_wconf 89' lang='lat' dir='ltr'>candor</span> <span class='ocrx_word' id='word_1_113' title='bbox 943 3708 1136 3801; x_wconf 83' lang='lat' dir='ltr'>oloribus,</span> 
     </span>
     <span class='ocr_line' id='line_1_26' title="bbox 296 3814 1047 3894; baseline 0.003 -3"><span class='ocrx_word' id='word_1_114' title='bbox 296 3814 402 3892; x_wconf 91' lang='lat' dir='ltr'>Ater</span> <span class='ocrx_word' id='word_1_115' title='bbox 429 3820 503 3893; x_wconf 93' lang='lat' dir='ltr'>sub</span> <span class='ocrx_word' id='word_1_116' title='bbox 532 3816 608 3894; x_wconf 91' lang='lat' dir='ltr'>alis</span> <span class='ocrx_word' id='word_1_117' title='bbox 637 3816 734 3892; x_wconf 91' lang='lat' dir='ltr'>dum</span> <span class='ocrx_word' id='word_1_118' title='bbox 762 3817 893 3893; x_wconf 87' lang='lat' dir='ltr'>lateat</span> <span class='ocrx_word' id='word_1_119' title='bbox 920 3840 1047 3893; x_wconf 91' lang='lat' dir='ltr'>cruor.</span> 
     </span>
     <span class='ocr_line' id='line_1_27' title="bbox 351 3922 953 4024; baseline -0.003 -25"><span class='ocrx_word' id='word_1_120' title='bbox 351 3923 541 4000; x_wconf 83' lang='lat' dir='ltr'>Obducta</span> <span class='ocrx_word' id='word_1_121' title='bbox 567 3923 682 3999; x_wconf 84' lang='lat' dir='ltr'>fusco</span> <span class='ocrx_word' id='word_1_122' title='bbox 711 3948 834 4024; x_wconf 89' lang='lat' dir='ltr'>saepe</span> <span class='ocrx_word' id='word_1_123' title='bbox 861 3922 953 3997; x_wconf 87' lang='lat' dir='ltr'>velo</span> 
     </span>
     <span class='ocr_line' id='line_1_28' title="bbox 402 4026 1186 4131; baseline -0.004 -25"><span class='ocrx_word' id='word_1_124' title='bbox 402 4031 595 4131; x_wconf 87' lang='lat' dir='ltr'>Limpida</span> <span class='ocrx_word' id='word_1_125' title='bbox 621 4055 737 4106; x_wconf 88' lang='lat' dir='ltr'>mens</span> <span class='ocrx_word' id='word_1_126' title='bbox 765 4030 872 4105; x_wconf 88' lang='lat' dir='ltr'>nitet</span> <span class='ocrx_word' id='word_1_127' title='bbox 899 4032 1054 4130; x_wconf 86' lang='lat' dir='ltr'>absque</span> <span class='ocrx_word' id='word_1_128' title='bbox 1081 4026 1186 4104; x_wconf 76' lang='lat' dir='ltr'>luco.</span> 
     </span>
    </p>
   </div>
   <div class='ocr_carea' id='block_1_11' title="bbox 296 4187 1182 4609">
    <p class='ocr_par' dir='ltr' id='par_1_13' title="bbox 296 4187 1182 4609">
     <span class='ocr_line' id='line_1_29' title="bbox 296 4187 1182 4290; baseline -0.001 -27"><span class='ocrx_word' id='word_1_129' title='bbox 296 4190 448 4289; x_wconf 85' lang='lat' dir='ltr'>Fulget</span> <span class='ocrx_word' id='word_1_130' title='bbox 474 4191 707 4290; x_wconf 84' lang='lat' dir='ltr'>sepulcrum</span> <span class='ocrx_word' id='word_1_131' title='bbox 735 4213 938 4265; x_wconf 89' lang='lat' dir='ltr'>marmore</span> <span class='ocrx_word' id='word_1_132' title='bbox 966 4187 1182 4289; x_wconf 90' lang='lat' dir='ltr'>splendido</span> 
     </span>
     <span class='ocr_line' id='line_1_30' title="bbox 297 4294 1136 4396; baseline -0.008 -25"><span class='ocrx_word' id='word_1_133' title='bbox 297 4295 437 4396; x_wconf 87' lang='lat' dir='ltr'>Atque</span> <span class='ocrx_word' id='word_1_134' title='bbox 466 4322 559 4373; x_wconf 90' lang='lat' dir='ltr'>ossa</span> <span class='ocrx_word' id='word_1_135' title='bbox 587 4298 694 4373; x_wconf 89' lang='lat' dir='ltr'>celat</span> <span class='ocrx_word' id='word_1_136' title='bbox 720 4296 886 4396; x_wconf 89' lang='lat' dir='ltr'>putrida</span> <span class='ocrx_word' id='word_1_137' title='bbox 912 4294 1136 4371; x_wconf 88' lang='lat' dir='ltr'>vermibus:</span> 
     </span>
     <span class='ocr_line' id='line_1_31' title="bbox 350 4402 1029 4505; baseline -0.003 -26"><span class='ocrx_word' id='word_1_138' title='bbox 350 4404 503 4479; x_wconf 89' lang='lat' dir='ltr'>Pectus</span> <span class='ocrx_word' id='word_1_139' title='bbox 531 4402 748 4505; x_wconf 86' lang='lat' dir='ltr'>profanum</span> <span class='ocrx_word' id='word_1_140' title='bbox 777 4402 921 4479; x_wconf 89' lang='lat' dir='ltr'>condit</span> <span class='ocrx_word' id='word_1_141' title='bbox 949 4402 1029 4478; x_wconf 90' lang='lat' dir='ltr'>oris</span> 
     </span>
     <span class='ocr_line' id='line_1_32' title="bbox 403 4510 1141 4609; baseline -0.004 -23"><span class='ocrx_word' id='word_1_142' title='bbox 403 4510 545 4587; x_wconf 91' lang='lat' dir='ltr'>Dulcis</span> <span class='ocrx_word' id='word_1_143' title='bbox 573 4512 706 4587; x_wconf 91' lang='lat' dir='ltr'>honos</span> <span class='ocrx_word' id='word_1_144' title='bbox 734 4515 778 4586; x_wconf 89' lang='lat' dir='ltr'>et</span> <span class='ocrx_word' id='word_1_145' title='bbox 805 4513 907 4587; x_wconf 90' lang='lat' dir='ltr'>ebur</span> <span class='ocrx_word' id='word_1_146' title='bbox 933 4532 1141 4609; x_wconf 88' lang='lat' dir='ltr'>genarum.</span> 
     </span>
    </p>
   </div>
   <div class='ocr_carea' id='block_1_12' title="bbox 1376 4554 1406 4596">
    <p class='ocr_par' dir='ltr' id='par_1_14' title="bbox 1376 4554 1406 4596">
     <span class='ocr_line' id='line_1_33' title="bbox 1376 4554 1406 4596; baseline 0 0"><span class='ocrx_word' id='word_1_147' title='bbox 1376 4554 1406 4596; x_wconf 73' lang='lat'>24</span> 
     </span>
    </p>
   </div>
   <div class='ocr_carea' id='block_1_13' title="bbox 0 0 1586 5154">
    <p class='ocr_par' dir='ltr' id='par_1_15' title="bbox 0 0 1586 5154">
     <span class='ocr_line' id='line_1_34' title="bbox 0 0 1586 5154; baseline 0 0"><span class='ocrx_word' id='word_1_148' title='bbox 0 0 1586 5154; x_wconf 95' lang='lat' dir='ltr'> </span> 
     </span>
    </p>
   </div>
  </div>
 </body>
</html>
