3164 5154
702 255 908 312 SILVARUM

324 455 434 530 Dum
463 453 641 531 facunda
667 454 785 531 nefas
812 454 957 554 lingua
983 453 1206 529 Triumviri

326 560 528 660 Castigat
557 561 742 661 patribus
771 561 944 637 crimina
972 560 1142 660 detegit,

325 666 520 744 Abscisso
550 668 686 770 capite
715 694 741 745 a
769 668 901 744 milite
928 668 1084 768 perfido

430 775 619 851 Romano
648 774 779 851 tacuit
805 773 906 851 foro.

325 935 436 1009 Dum
463 935 625 1010 Momus
653 934 799 1034 cupide
828 934 999 1010 discutit
1026 933 1167 1009 omnia

325 1042 412 1118 Nec
441 1041 574 1142 parcit
602 1040 758 1140 superis
788 1041 913 1116 stulta
942 1041 1159 1133 calumnia,

326 1147 517 1224 Accersit
545 1147 712 1222 tumidis
749 1155 912 1223 tantum
941 1148 1080 1224 odium
1112 1147 1281 1249 probris,

432 1256 490 1334 Ut
516 1279 638 1330 nemo
668 1261 785 1356 petat
812 1255 977 1355 alloqui.
1377 1300 1394 1340 a

326 1416 489 1490 Laudes
517 1413 764 1490 immodicae
791 1415 986 1516 principis
1014 1414 1179 1490 auribus

328 1522 565 1623 Suspectae,
594 1520 767 1595 nimium
791 1521 849 1597 sio
876 1547 1038 1621 quoque
1066 1521 1256 1611 dedecus,

328 1629 432 1704 Cum
461 1651 623 1703 servare
651 1627 819 1702 modum
848 1635 1016 1704 censeat
1044 1628 1257 1730 optimum,

433 1735 527 1810 Non
556 1735 754 1818 excedere
782 1736 1011 1812 terminum.

327 1895 420 1970 Non
448 1920 567 1970 curru
595 1894 816 1972 Phaethon
844 1895 995 1971 excidit
1023 1920 1160 1985 aureo,

329 2000 450 2091 Quod
476 2026 606 2077 vanus
635 2003 772 2079 media
799 2002 916 2079 flexit
943 2004 995 2078 ab
1024 2002 1182 2078 orbita?

328 2107 377 2182 In
405 2115 577 2208 pontum
605 2109 764 2185 iuvenis
792 2109 930 2210 lapsus
959 2112 1010 2185 ab
1039 2109 1218 2200 aethere,

433 2215 550 2290 Iussa
578 2224 624 2290 ut
651 2216 830 2292 deseruit
856 2216 1010 2316 patris?
1389 2260 1408 2301 a

766 2815 861 2881 XVI.

539 3031 806 3109 CHRISTUS
833 3031 1074 3109 PATIENS.

329 3244 513 3321 Lascivit
541 3244 661 3336 orbis,
691 3243 788 3317 dum
815 3243 973 3343 patitur
1000 3244 1129 3321 deus?
1297 3255 1346 3311 fol
1363 3254 1405 3311 or·

330 3351 419 3428 Ah!
451 3351 606 3426 crimen
634 3350 792 3448 ingens,
822 3351 1094 3427 Eumenidum
1121 3349 1262 3449 flagris

383 3458 522 3557 Atque
551 3457 646 3556 igne
675 3456 793 3532 ferali
821 3457 1037 3557 piandum!

437 3566 470 3642 Ο
500 3564 629 3639 libeat
656 3588 842 3639 reseca-re
870 3588 1000 3640 noxas

328 3726 382 3801 Et
408 3724 691 3824 paenitentum
721 3724 859 3800 vivere
887 3725 1065 3823 legibus:

330 3832 532 3922 Servator,
563 3831 691 3906 eheu!
720 3837 909 3931 tempora
936 3831 1088 3930 spineis

384 3938 512 4015 Sertis
540 3938 758 4029 revinctus,
788 3943 833 4013 tu
863 3938 1020 4037 capillis

435 4044 604 4120 Florida
630 4070 758 4144 regna
785 4045 905 4143 geris,
934 4050 1142 4144 proterve!
1397 4085 1407 4124 r

330 4205 503 4283 Confixa
532 4204 657 4281 clavis
687 4205 730 4278 in
758 4230 878 4280 cruce
906 4204 1101 4281 bracchia

329 4312 481 4388 Tendit
507 4312 769 4411 Redemptor,
796 4316 841 4385 tu
871 4311 1019 4411 cupide
1047 4313 1181 4387 scelus

382 4418 669 4519 Amplecteris,
698 4418 868 4494 sectaris
899 4443 1042 4493 amum

434 4525 693 4626 Divitiasque
720 4525 830 4626 rapis
859 4532 1060 4601 cruentus.
