3164 5154
568 244 641 301 LIB.
664 245 687 299 Ι.
705 246 822 302 20-23.

631 547 752 614 ΧΧΠ.

169 746 243 824 AD
276 745 528 824 CLUSIUM:
568 744 971 826 BENEFICIORUM
999 747 1229 826 OBLIVIO.

219 959 327 1052 Quid
355 960 498 1060 gemis,
529 959 667 1036 Clusi?
696 959 794 1060 quid
821 964 972 1038 acerba
999 961 1087 1040 fata
1184 976 1236 1032 fol.
1254 978 1307 1034 71¹-

219 1066 401 1165 Arguis?
429 1067 557 1143 Dirae
584 1066 724 1142 miseri
752 1067 916 1144 clientis

219 1173 288 1249 An
316 1173 392 1250 tibi
423 1175 646 1274 quidquam
673 1182 866 1264 noceant,
896 1174 1093 1274 profanae

325 1281 466 1381 Iurgia
493 1281 691 1380 linguae?
1309 1335 1323 1374 „

219 1440 279 1515 At
307 1440 421 1517 doles
448 1441 635 1533 multum,
662 1438 885 1515 benefacta
912 1442 1031 1541 plura

218 1547 389 1623 Prorsus
417 1547 583 1647 ingrata
611 1547 779 1646 periisse
807 1553 964 1622 mente:

220 1653 330 1744 Quos
358 1654 441 1730 tuis
469 1656 602 1729 nutris
631 1653 789 1754 opibuS,
820 1655 1015 1753 superbas

326 1761 489 1837 Tollere
517 1761 675 1837 oristas.

219 1920 339 2011 Vera,
370 1946 476 2020 quae
505 1919 620 1996 dieis.
678 1919 786 2009 Quid
815 1920 925 1995 enim
953 1921 1175 1997 recondam

218 2027 406 2103 Pectoris
435 2031 600 2103 sensus?
629 2025 713 2102 Sed
740 2026 875 2103 amica
901 2027 1008 2103 vatis

218 2134 357 2210 Verba
382 2160 437 2210 ne
466 2159 652 2234 spernas:
680 2134 818 2210 animo
847 2132 982 2210 ferent
1010 2159 1068 2210 so·

325 2241 453 2317 Laoia
481 2241 601 2318 tristi.

219 2401 370 2476 Nostra
396 2400 606 2477 vindictae
634 2400 772 2500 potius
800 2408 945 2501 parata

221 2507 392 2608 Semper
419 2514 483 2583 est
509 2515 658 2583 natura
684 2509 925 2608 probrisque
952 2509 1075 2600 laeta,

219 2614 358 2691 Prona
386 2640 509 2714 quam
537 2614 665 2689 laudi:
695 2615 841 2691 vitium
870 2616 1036 2706 revelat,

327 2721 446 2797 Celat
472 2722 681 2797 honorem.

219 2880 336 2956 Haeo
364 2882 453 2957 lues
481 2881 603 2982 primi
631 2882 816 2983 sequitur
843 2881 1026 2981 parentis

222 2987 398 3080 Crimen,
429 2990 537 3064 hano
568 2988 657 3063 duri
684 2990 866 3065 retinent
891 2995 1087 3088 nepotes:

220 3094 405 3186 Fallitur,
436 3095 470 3170 si
499 3096 588 3195 quis
617 3097 789 3172 meliora
818 3103 956 3196 sperat

326 3201 507 3277 Moribus
535 3202 636 3278 istis.

631 3783 767 3851 XXIII,

463 3979 777 4060 MODESTIAE
806 3980 953 4057 LAUS.

220 4191 470 4268 Laudabunt
499 4192 569 4267 alii
597 4194 749 4270 Martia
776 4200 961 4294 pectora,
1187 4203 1236 4258 fol·
1257 4204 1313 4259 71·-

220 4298 390 4398 Pugnas
420 4301 680 4398 sanguineas,
710 4302 877 4376 horrida
904 4301 1071 4400 proelia,

271 4406 385 4482 Forti
412 4408 560 4483 robore
590 4408 752 4483 dextras

323 4514 378 4589 Et
405 4513 554 4589 mixtas
582 4515 695 4591 lituis
724 4517 864 4590 tubas:
