3164 5154
562 266 636 319 LIB.
656 267 687 321 X.
708 266 804 321 9-11.

655 480 699 543 X.

274 644 445 724 VIRGO
474 642 706 721 NUPTIAS
736 641 1074 718 DESIDERANS

195 807 443 907 Demophon
472 804 581 878 dulci
611 802 773 899 Clytien
801 802 968 878 fovebat
1155 816 1207 876 fol.
1227 819 1302 876 roar-

195 917 314 991 Miles
343 912 529 1003 adfeetu3
560 909 683 986 simili
711 910 849 1008 puella

195 1025 297 1122 Igne
325 1022 540 1120 flagrabat,
569 1018 668 1092 lieet
694 1017 805 1090 hunc
832 1018 1023 1115 nequiret

303 1129 485 1204 Prodere
513 1124 666 1222 lingua.

195 1291 301 1365 Nam
328 1295 447 1389 pater
475 1287 598 1360 durus
626 1283 759 1358 voluit
784 1306 858 1382 per
886 1311 1008 1361 onme

196 1399 375 1496 Tempus
404 1417 613 1471 asservare
643 1390 774 1464 domi:
824 1390 967 1469 diebus

195 1503 370 1602 Templa
397 1502 467 1576 vix
496 1497 703 1576 concessit
730 1496 843 1570 adire
875 1501 1001 1591 festis

301 1610 506 1709 Linquere
534 1609 672 1683 limen.

195 1771 310 1847 Voce
340 1795 553 1870 nusquam.
584 1776 749 1844 tantrun
777 1770 907 1843 oculis
934 1768 1144 1844 lacessunt

195 1878 407 1952 Invicem:
437 1879 573 1951 nullus
602 1879 719 1952 locus
751 1886 816 1955 est
840 1876 1047 1976 loquendi.

197 1984 278 2060 Sed
307 1984 439 2082 magis
469 1985 684 2060 succendit
713 2009 830 2062 amor
857 1983 1088 2084 propinqua

302 2093 416 2166 Luce
444 2099 636 2168 remotos.

196 2250 378 2349 Ingemit
404 2251 520 2350 virgo
549 2255 678 2328 tacito
709 2254 846 2342 cubili,

196 2358 375 2432 Aestuat
404 2359 523 2434 curis:
552 2361 703 2435 medici
730 2367 949 2451 uocantum

196 2464 278 2539 Ast
305 2490 427 2564 opem
455 2492 577 2541 nemo
607 2469 743 2566 potuit
772 2468 913 2542 doloso

302 2574 425 2646 Ferre
455 2573 595 2647 labori.

198 2733 447 2831 Demophon
475 2734 646 2808 tandem
675 2735 895 2832 peregrina
923 2733 1107 2830 Agyrtae

198 2839 419 2916 Credulum
448 2838 555 2915 fallit
583 2841 719 2940 specie
747 2848 963 2940 parentem

197 2947 250 3020 Et
279 2945 355 3021 sibi
385 2972 579 3045 sponsam
610 2947 774 3046 Clytien
802 2948 973 3047 perenni

304 3054 487 3127 Foedere
516 3055 662 3153 iungit.

198 3213 365 3287 Morbus
394 3213 490 3287 hinc
520 3215 652 3290 cessit.
710 3215 894 3315 Cupidae
922 3216 1083 3315 puellae

197 3320 388 3419 Optimus
418 3346 579 3419 semper
607 3322 791 3396 medicus
820 3323 1001 3398 maritus

198 3427 363 3526 Nuptiis
391 3434 511 3502 natas
540 3429 758 3527 prohibere
788 3431 949 3504 adultas

302 3533 394 3607 Non
425 3535 545 3610 (10001
572 3562 779 3634 umquam.

643 3908 704 3972 XI.

175 4066 430 4144 DECRETA
460 4068 616 4145 CAELI
644 4070 837 4145 EVERTI
865 4068 1173 4171 NEQUEUNT.

200 4226 316 4316 Quae
346 4228 461 4304 iubet
490 4231 660 4319 caelum,
687 4237 779 4304 rata
808 4236 903 4305 sunt
930 4256 1006 4305 nec
1035 4229 1140 4304 ullus
1165 4243 1215 4297 fol·
1228 4245 1297 4300 169¹·

198 4331 329 4409 Astus
358 4336 561 4410 humanus
591 4337 702 4411 valet
730 4337 939 4435 impedire.

196 4441 322 4516 Nulla
349 4445 409 4516 vis
439 4451 511 4518 aut
540 4444 757 4519 consilium
786 4443 986 4519 Tonantis

305 4548 418 4624 Scita
447 4557 619 4625 coercet.
1288 4605 1301 4643 4

1157 4671 1209 4727 25*
