3164 5154
698 236 901 293 SILVARUM

378 439 543 514 Veritas
571 437 712 513 multis
740 437 885 513 nocuit
913 436 1087 512 disertis.

380 544 570 621 Sustine:
601 545 771 619 tandem
797 546 908 619 bona
936 568 1062 619 causa
1088 543 1231 619 vincit.

378 652 539 726 Lumen
567 652 745 749 emergit
772 650 961 741 tenebris,
990 658 1156 726 coercet

484 757 635 833 Nubila
662 758 865 833 Phoebus.

377 917 506 993 Ducit
533 918 585 992 ad
615 917 729 992 divos
757 917 837 993 iter
864 917 1109 1016 impeditum

377 1024 564 1100 Horridis
594 1023 732 1122 spinis,
762 1022 927 1124 Stygias
955 1024 1009 1098 ad
1036 1027 1203 1099 umbras

377 1131 565 1206 Floribus
594 1155 735 1229 sparso
763 1131 973 1232 roseisque
1002 1130 1123 1206 sertis

483 1238 665 1312 Tramite
693 1236 831 1313 fertur.

704 1540 889 1547 ..ῳ--ι

505 1965 714 2041 SEMPER
741 1963 1095 2042 VIGILANDUM.

374 2159 585 2259 Praecipit
610 2165 747 2235 rector
772 2158 944 2258 vigilare
972 2157 1076 2234 caeli
1272 2174 1316 2228 fol.
1335 2173 1387 2227 nu

376 2266 547 2365 Semper
574 2273 617 2342 et
642 2266 773 2341 vitare
802 2272 973 2342 cruenta
1000 2266 1085 2342 tela

376 2373 579 2463 Hostium,
610 2372 699 2471 quis
726 2397 801 2446 ncs
832 2373 1004 2472 cupiunt
1030 2370 1161 2461 ferire,

483 2480 675 2556 Sternere
703 2481 799 2554 letc.

376 2639 483 2715 Orbe
512 2639 658 2715 ferales
686 2638 857 2737 tigrides
887 2640 1089 2728 oberrant,

376 2747 562 2845 Rugiunt
588 2746 700 2821 silvis
727 2745 839 2821 rutili
865 2744 1017 2834 leones,

375 2853 564 2929 Delitent
590 2853 733 2953 vulpes
761 2852 891 2927 foveis
918 2851 1074 2952 peritae

482 2960 658 3036 Nectere
688 2958 863 3035 fraudes,

375 3120 519 3212 Nemo,
547 3120 591 3193 ni
620 3119 809 3218 prudens,
837 3124 1005 3218 superat
1029 3117 1187 3193 feroces

375 3227 525 3301 Beluas
554 3234 626 3302 aut
653 3225 853 3300 indomito
882 3225 1022 3302 labore

376 3333 518 3408 Vincit
545 3334 721 3407 audaces
748 3358 918 3408 numero
948 3339 1146 3424 catervas,

481 3439 533 3514 Ni
561 3439 662 3537 vigil
689 3439 826 3515 instet.

376 3599 551 3675 Abditas
579 3624 664 3673 ncn
691 3599 861 3673 insidias
890 3597 1066 3688 cavebis,

376 3707 638 3805 Languidum
666 3706 700 3780 si
728 3731 812 3780 non
839 3704 974 3804 fugias
1009 3729 1212 3803 soporem,

378 3813 516 3888 Otium
546 3812 676 3911 pellas
706 3819 747 3886 et
775 3812 909 3886 amica
935 3811 1063 3911 pigris

484 3920 641 3995 Taedia
668 3919 871 3998 membris.

376 4077 508 4167 Quam
538 4079 618 4154 tuis
647 4079 772 4153 velles
800 4077 993 4176 vigilasse
1020 4079 1142 4153 rebus

375 4187 429 4260 Et
455 4186 590 4259 minus
618 4186 732 4260 molli
762 4184 935 4260 caluisse
962 4185 1084 4276 lect0‚

375 4293 536 4367 Maesta
564 4318 656 4367 cum
686 4317 811 4366 canos
841 4291 998 4367 Cereris
1027 4291 1187 4367 secabit

481 4398 587 4474 Filia
616 4399 769 4474 crines!
