3164 5154
155 245 197 306 70
682 239 900 297 OARIIINUM

260 436 328 512 Sic
357 436 456 512 olim
483 443 627 513 tenero
654 462 728 513 rex
757 437 950 535 Solymae
976 445 1138 538 potens,

258 545 463 619 Probrum
490 543 658 643 ingens!
688 544 829 621 adolet
856 551 951 620 tura
978 545 1187 646 Cupidini,

311 650 459 725 Fallax
485 674 641 725 numen
668 651 814 727 adorat

365 755 517 833 Foedis
546 755 694 833 ductus
723 757 941 834 amoribus.

257 918 394 992 Lucos
423 916 524 1015 quin
553 916 679 991 etiam
707 917 945 1017 templaque
974 918 1177 994 construit

257 1023 458 1098 Advectis
486 1047 658 1123 paragra
685 1021 864 1098 femineo
893 1048 919 1099 a
948 1024 1073 1101 choro

313 1130 489 1205 Omnem
517 1154 592 1228 per
618 1129 830 1227 regionem

363 1232 546 1336 Aegypti
575 1259 624 1310 ac
653 1234 796 1334 Syriae
826 1234 914 1311 diis.

256 1392 457 1470 Adfectus
484 1393 603 1470 nimii
632 1417 712 1493 quo
742 1392 909 1493 rapiunt
935 1394 1065 1471 viros!

255 1499 320 1575 Ac
347 1498 504 1576 formae
533 1499 709 1575 eximiae
739 1506 896 1600 quanta
922 1501 1132 1601 potentia!

309 1603 399 1680 Ah!
429 1631 483 1682 ne
510 1606 593 1682 fids
621 1606 823 1693 iuventus,

363 1711 446 1787 Sed
472 1711 652 1788 flammis
681 1713 826 1812 procul
854 1712 1026 1789 abstine.

255 1870 300 1946 Si
329 1871 627 1947 circumtuleris
654 1877 820 1947 tantum
849 1871 989 1947 oculos
1017 1896 1146 1971 vagos

254 1976 397 2077 Atque
427 1978 508 2053 oris
536 1978 643 2053 rosei
672 2002 853 2078 purpura
882 1978 1050 2078 ceperit,

308 2082 446 2184 Serpit
472 2091 641 2184 pectore
670 2109 779 2176 cura,

359 2191 549 2266 Libertas
577 2190 686 2292 perit
713 2214 849 2265 aurea.

253 2349 436 2450 Torquet
463 2348 662 2426 sollicitus
689 2374 788 2425 mox
816 2349 987 2425 dubium
1016 2351 1129 2426 calor

252 2453 317 2530 Ao
345 2455 480 2532 caecis
509 2456 671 2532 animus
701 2456 884 2556 carpitur
910 2455 1096 2555 ignibus:

305 2560 467 2637 Ardent
494 2563 619 2638 anxia
647 2587 808 2663 semper

358 2669 527 2745 Maestis
557 2670 682 2745 corda
708 2669 963 2745 tumultibus.

250 2827 359 2902 Hinc
386 2834 522 2903 motus
552 2828 712 2918 cohibe,
743 2829 814 2928 qui
840 2827 951 2903 vitiis
978 2826 1130 2921 favent,

251 2933 330 3024 Qui
358 2933 535 3032 gignunt
563 2933 720 3034 cupidis
749 2935 862 3011 mille
890 2934 1091 3034 pericula:

303 3038 505 3116 Adfectus
532 3040 705 3118 rationIs

353 3145 487 3222 Freno
517 3153 642 3246 atque
670 3145 842 3247 imperio
871 3171 982 3246 rego.

701 3467 860 3476 ——-=-—.

729 3761 826 3827 VIII.

498 3974 734 4054 IUSTITIA
763 3975 833 4054 ΕΤ
861 3977 1061 4055 PIETAS.

245 4170 278 4247 Ο
308 4170 417 4247 Iovis
445 4169 587 4269 magni
614 4172 852 4247 veneranda
878 4173 1015 4273 proles
1267 4189 1319 4245 fol.
1337 4190 1388 4246 av·

242 4277 386 4353 Laude
415 4301 496 4376 qua
522 4283 578 4368 te,
607 4276 796 4370 Astraea,
825 4279 975 4355 veham
1004 4279 1203 4380 quibusve

241 4382 420 4460 Dotibus
449 4383 585 4459 dicam
613 4384 795 4461 tenuisse
824 4384 979 4461 dudum

350 4489 470 4567 Orbis
497 4491 708 4567 habenas?

16 4624 129 4840 ξ,
