3164 5154
650 249 747 305 9-11.
1277 258 1338 316 123

165 450 276 523 Dum
306 448 443 547 capite
479 447 618 547 spinas
652 447 782 546 gessit
817 454 860 522 et
887 471 1062 522 cannam
1090 472 1232 522 manu:

274 553 374 631 Orta
401 555 499 628 hinc
526 554 685 629 ruboris
713 553 858 654 gratia.

165 661 408 739 Intaminati
436 667 581 736 sancta
609 661 718 762 quod
745 660 882 760 poscit
907 662 1009 736 fides

273 768 448 844 Pudoris
477 792 527 843 ac
555 768 771 858 modestia,
1303 822 1329 861 ω

166 877 343 953 Mortale
371 901 456 950 non
485 880 566 950 est:
596 875 764 974 nuptias
794 881 932 974 sperat
960 874 1038 966 dei,

275 982 424 1083 Sponsi
452 1006 677 1081 perennem
704 981 892 1080 gloriam.

168 1091 236 1166 Ad
264 1091 372 1164 hanc
400 1089 580 1179 anhelat,
610 1088 800 1163 omnibus
827 1086 934 1162 votis
964 1087 1078 1186 cupit

275 1198 328 1271 Et
354 1194 512 1271 fervida
540 1201 685 1270 exorat
711 1219 844 1294 prece.

169 1304 304 1395 Quare
333 1305 491 1379 caduca
519 1302 673 1401 gaudia
700 1302 811 1377 haud
830 1324 1025 1400 umquam
1053 1300 1225 1374 trahunt

274 1409 362 1484 Nec
390 1408 465 1484 ulli
492 1408 670 1483 honores
701 1415 773 1483 aut
802 1432 912 1507 opes.

170 1515 320 1593 Oculos
349 1516 402 1591 ad
430 1521 542 1592 astra
569 1515 680 1591 tollit
708 1522 750 1590 et
782 1519 945 1614 spectat
972 1512 1057 1613 poli

275 1622 467 1722 Speciem
495 1621 685 1698 irretorto
715 1621 881 1711 lumine,

168 1730 353 1805 Aetema
380 1727 506 1806 Verbi
535 1730 668 1805 donec
696 1730 750 1804 ad
777 1727 985 1803 thalamus
1012 1732 1134 1801 vocet

274 1838 328 1912 Et
355 1861 516 1911 summa
543 1843 707 1934 sceptra
736 1834 895 1910 caritas.

169 1944 262 2017 Huc
291 1949 413 2018 vecta
432 1967 555 2043 quam
584 1943 639 2016 sit
656 1941 792 2031 inane,
813 1941 923 2041 quod
951 1939 1082 2039 liquit,
1103 1937 1217 2014 videt

277 2049 374 2126 Sine
401 2052 511 2124 nube
539 2049 622 2123 iam
651 2050 760 2123 claro
791 2048 868 2123 die.
1308 2098 1334 2137 u

673 2524 740 2588 XI.

212 2687 284 2763 ΑΙ)
322 2686 522 2766 LYCEN:
562 2686 813 2763 VETULAE
850 2683 1070 2763 AMORES
1099 2682 1218 2762 NON

544 2809 869 2889 CONVENIRE.

61 2976 226 3051 Haeres
256 2972 443 3072 sepulcro
471 2971 646 3071 pedibus
676 2972 889 3060 ambobus,
919 2970 1043 3068 Lyce,
1206 2982 1257 3038 for.
1275 2985 1329 3039 su-

171 3078 338 3154 Deserit
365 3103 460 3155 ossa
488 3079 602 3153 calor
622 3085 665 3153 et
691 3102 794 3177 ruga
822 3082 957 3152 totum
986 3077 1146 3151 vultum
1175 3084 1290 3152 arat:

64 3187 271 3287 Cupidine
298 3193 442 3262 tamen
475 3192 668 3260 aestuans
697 3183 858 3284 quaeris
886 3183 1070 3258 Probum

172 3293 208 3367 N
213 3299 347 3367 ectere
376 3291 558 3390 coniugii
587 3316 737 3366 exsuoa
764 3290 909 3364 vinclis
937 3289 1102 3366 femina.

66 3399 270 3498 Cymbam
299 3399 521 3476 Charontis
550 3399 691 3497 cogita
719 3404 762 3472 et
788 3422 908 3471 ranas
936 3397 1076 3495 nigras

175 3506 351 3605 Gurgite
379 3509 453 3581 sub
484 3504 630 3604 Stygio
660 3529 887 3602 urnamque
915 3503 1011 3578 iusti
1041 3503 1199 3580 iudicis.

65 3614 238 3689 Annosa
267 3637 438 3712 quercus
467 3612 591 3687 aridis
620 3612 757 3703 ramis,
788 3636 930 3685 carens

173 3719 406 3795 Frondibus
436 3725 479 3795 et
505 3718 615 3794 foliis
644 3719 731 3794 ictu
758 3717 950 3817 bipennis
980 3716 1180 3792 concidit:
1326 3772 1338 3809 ³

69 3827 137 3903 Sic
166 3836 326 3902 maesta
355 3827 519 3902 vetulae
548 3826 693 3916 forma,
724 3825 783 3899 sic
813 3824 959 3923 capitis
988 3823 1104 3898 nives

175 3933 229 4008 Se
249 3934 408 4010 tumulo
437 3933 575 4034 potius
596 3958 719 4032 quam
738 3931 894 4030 nuptiis
923 3931 1118 4005 iuvenum
1137 3935 1296 4029 parent.

66 4041 252 4116 Probum
281 4038 448 4116 decebit
474 4039 613 4115 liberis
644 4064 811 4139 operam
840 4038 937 4112 dare

174 4149 229 4222 Et
257 4148 453 4223 decorare
482 4172 612 4247 genus
642 4147 767 4220 ducta
793 4145 932 4245 puella
959 4143 1100 4234 nobili,

68 4253 162 4329 Non
190 4253 356 4329 naribus
386 4278 492 4355 quae
521 4254 688 4329 madeat
716 4251 916 4341 obscena,
947 4275 1040 4340 anu,

175 4361 231 4435 Et
258 4361 389 4437 sterili
417 4361 605 4436 thalamo
635 4385 751 4460 spem
779 4358 905 4459 prolis
934 4357 1092 4432 adimat
1120 4353 1297 4453 coniugi.
