3164 5154
703 249 908 307 SILVARUM

376 453 486 526 Dum
514 475 650 527 moras
678 450 823 542 nectis,
852 446 960 549 fugit
986 449 1091 525 hora
1117 472 1333 549 praeceps,

376 559 551 635 Labitur
578 565 740 658 tempus
768 582 943 632 vaouum
973 556 1140 632 salutis:

376 666 485 740 Hine
512 669 646 741 bonae
675 664 825 740 mentis
854 663 990 740 studio
1019 687 1125 740 vaoa
1153 688 1235 738 neo

481 771 613 847 Differ
639 771 683 845 in
712 796 854 848 annos.

379 930 598 1008 Abstrahit
624 955 721 1006 vero
751 931 960 1032 popularis
989 955 1098 1021 aura

375 1039 601 1114 Turbidum
629 1038 775 1113 Martis
804 1037 973 1114 cohibet
999 1040 1232 1113 theatrum:

376 1144 469 1221 Sint
494 1145 639 1245 proeul
665 1144 789 1237 rixae,
817 1146 980 1245 placido
1008 1168 1175 1220 recessu

482 1252 649 1328 Abdere
678 1253 798 1327 solus.

377 1410 496 1487 Sorte
525 1418 744 1487 contentus
773 1412 937 1511 sapiens
966 1411 1155 1487 modesta

374 1517 531 1593 Eximit
559 1543 648 1593 sese
676 1518 800 1593 variis
828 1519 1009 1618 periclis:

377 1624 511 1700 Corde
540 1624 703 1701 sublimi
732 1626 956 1702 meditatur
983 1631 1105 1714 astra,

482 1731 594 1808 Vilia
623 1733 768 1808 caleat.

719 2334 890 2399 xxvrn.
947 2306 950 2312 “

512 2549 584 2626 ur
613 2548 807 2646 sunno,
837 2547 1093 2626 s1cv1rA.

378 2762 515 2839 Verba
543 2787 627 2836 non
656 2760 816 2861 quaerit
844 2761 1013 2862 sophiae
1042 2762 1202 2851 dooere,
1286 2775 1334 2831 fol.
1352 2775 1410 2831 152*

384 2869 465 2944 Sed
493 2869 599 2969 petit
625 2893 767 2943 verum
796 2869 884 2944 sine
912 2867 1004 2943 fuoo
1032 2868 1166 2944 inani:

384 2975 428 3052 Si
456 2984 597 3050 tamen
626 3000 759 3050 sermo
789 2975 972 3073 sequitur
1000 2975 1188 3068 disertus,

491 3082 694 3182 Spernere
722 3082 866 3157 nescit.

382 3241 547 3340 Lingua
575 3243 685 3342 quod
713 3240 879 3341 profert,
909 3243 1071 3319 animus
1099 3241 1213 3316 fideli

383 3350 541 3424 Firmet
568 3373 749 3441 assensu,
780 3347 903 3423 simili
931 3357 1075 3425 tenore

383 3455 483 3532 Vita
512 3456 721 3530 decurrat:
751 3454 887 3553 fugiat
914 3457 1079 3532 dolosas

489 3563 672 3662 Longius
702 3568 822 3638 artes

384 3723 531 3822 Turpe,
562 3747 657 3796 oum
685 3722 883 3797 blandum
912 3720 1030 3798 sedet
1057 3747 1128 3797 ore
1157 3722 1326 3813 dictum,

384 3830 518 3904 Triste
547 3830 620 3905 sed
647 3828 801 3904 fraudis
829 3836 1019 3904 remanet
1045 3852 1261 3919 venenum,

385 3936 474 4026 Quo
503 3941 574 4011 tuo
604 3936 772 4010 tandem
801 3940 953 4011 nooeat
980 3935 1130 4027 amieo,

490 4042 677 4118 Pectoris
706 4067 813 4118 arce.

386 4200 536 4277 Oseulo
568 4200 694 4277 Gaius
724 4201 880 4277 Salium
910 4202 1072 4291 salutat,

384 4307 541 4384 Ventre
570 4308 641 4383 sed
669 4310 784 4384 molli
813 4309 996 4406 gladium
1024 4307 1229 4385 recondit:

385 4415 516 4515 lmpio
544 4413 648 4491 ferro
676 4424 801 4491 neeat
827 4416 1094 4491 innocentem

492 4522 657 4597 Perfida
685 4524 841 4598 dextra.
