3218 5144
549 221 623 275 LlB.
642 221 664 277 1.
686 224 801 279 13-15.

246 421 362 495 Haec
393 420 524 511 dotes,
554 421 699 510 fateor,
728 419 900 519 virginis
929 446 1089 514 aureae,

248 525 348 616 Quis
377 527 571 627 adiunge,
601 528 712 616 licet,
743 551 864 604 cerea
892 529 1098 620 bracchia,

299 632 450 731 Nigros
479 634 635 708 vertice
665 633 799 708 crines

352 741 418 814 Ac
449 741 544 814 colli
573 740 741 814 niveum
771 741 909 815 decus.

247 898 412 986 Verum,
441 899 612 989 Plance,
642 899 705 974 tui
731 899 891 998 respice
918 900 1099 975 nominis

247 1005 310 1078 Ac
339 1003 477 1080 famae
504 1006 619 1080 vario
648 1013 834 1106 tempore
862 1004 1057 1104 gloriam:

299 1110 361 1184 Nc
390 1118 434 1186 te
463 1113 583 1187 trade
613 1112 807 1210 querelis;

352 1216 480 1292 Haud
509 1219 659 1317 dignae
687 1218 882 1293 lacrimae
911 1218 1012 1295 viro,

248 1375 290 1450 Si
319 1382 361 1450 te
392 1377 574 1452 deseruit
602 1376 759 1476 perfida
788 1378 990 1474 Tyndaris

247 1483 368 1557 Nullo
402 1485 515 1559 laeso
546 1486 709 1583 probro,
738 1508 841 1558 voce
870 1510 947 1559 nec
975 1485 1111 1560 unica:

299 1592 393 1666 Non
423 1592 604 1689 gaudere
632 1590 802 1679 iuvabit,

354 1697 503 1771 Grates
531 1697 703 1771 reddere
732 1697 904 1787 numini,

248 1856 364 1946 Quod
393 1881 480 1930 non
508 1856 690 1954 coniugii
720 1856 875 1932 tradita
902 1856 1081 1949 vincu10,

248 1961 367 2050 Quod
396 1987 481 2036 non
508 1971 710 2063 perpetuo
741 1961 906 2037 foedere
933 1988 1042 2039 nexa
1070 1963 1147 2038 sit?

298 2069 410 2143 Hinc
440 2069 619 2144 ludibria
646 2068 803 2145 formae

351 2174 479 2249 Disce
507 2200 557 2251 ac
586 2177 708 2251 sortis
736 2174 974 2272 imaginem.

248 2333 437 2408 Pellecta
465 2343 530 2409 est
556 2335 703 2410 mulier
730 2333 968 2409 muneribus
997 2334 1095 2409 tuis:

246 2441 305 2516 Ut
333 2441 461 2515 dones
490 2441 651 2529 iterum,
681 2440 765 2516 iarn
795 2440 961 2514 simulet
988 2440 1140 2536 fugam.

299 2547 487 2621 Prudens
517 2554 645 2622 nauta
673 2548 851 2622 latentes

355 2653 552 2729 Declinat
580 2654 773 2754 scopulos
802 2653 940 2727 maris.

638 3234 714 3301 ΧΥ.

180 3448 550 3524 VOLUPTATEM
580 3448 653 3523 ΑΙ)
683 3448 912 3525 EXITIUM
941 3445 1168 3524 DUCERE.

249 3659 422 3733 Incedes
451 3684 525 3759 per
552 3659 631 3733 iter
658 3658 827 3733 floribus
858 3667 900 3733 et
928 3659 1031 3733 rosis
1202 3671 1291 3728 rum*

250 3763 436 3839 Stratum
465 3765 683 3865 purpureis
711 3790 789 3839 nec
819 3773 985 3840 teneros
1014 3766 1148 3840 latens

247 3872 399 3946 Laedit
428 3871 548 3970 spina
575 3872 702 3971 pedes
731 3897 809 3946 nec
838 3874 963 3945 rubus
991 3896 1137 3970 aspero

355 3977 483 4051 Altus
512 3979 663 4077 pungit
691 3980 846 4053 aculeo.

249 4137 429 4212 Currunt
455 4163 530 4237 per
558 4138 740 4211 medium
768 4137 940 4236 limpida
969 4138 1139 4213 flumina

247 4243 301 4318 Et
327 4244 478 4318 ludunt
506 4244 638 4319 niveis
666 4242 824 4342 fulgida
853 4244 1030 4319 arenulis

246 4348 310 4423 Ac
337 4350 448 4448 ripas
477 4350 597 4424 viridi
626 4351 813 4449 gramine
841 4349 1025 4426 vestiunt

354 4458 643 4555 Umbrantque
672 4457 887 4532 arboribus
917 4459 1060 4531 solum.
