3164 5154
702 244 906 301 SILVARUM

720 549 890 619 XXXVI.

530 765 638 843 PAX
666 765 868 843 POTIOR
896 765 1077 844 BELLO.

272 981 326 1055 Et
355 985 479 1054 eantu
508 984 550 1053 et
576 978 725 1053 fidibus
756 978 875 1070 diem,
1281 995 1328 1050 roi.
1348 996 1400 1050 131*-

379 1085 563 1185 Pompei,
594 1085 767 1176 celebra,
796 1091 888 1160 ture
916 1086 991 1162 lita
1019 1086 1109 1177 diis,

274 1194 364 1284 Quo
393 1219 475 1291 pax
502 1192 613 1267 alma
639 1192 816 1267 revisere

378 1299 464 1374 Has
494 1306 622 1375 terras
650 1299 799 1373 iterum
829 1299 968 1399 eoepit
997 1307 1040 1376 et
1066 1299 1197 1402 impia

273 1407 391 1484 Ultra
417 1406 630 1481 Threicias
657 1406 803 1504 plagas

378 1514 607 1589 Exturbare
636 1510 711 1587 feri
739 1512 892 1588 milites
921 1515 1102 1611 agmina.

271 1620 416 1695 Martis
445 1619 578 1719 gloria
606 1644 727 1717 quem
755 1619 871 1694 iuvat

379 1727 657 1826 Bellonaeque
686 1728 823 1817 tubae,
853 1732 946 1801 trux
973 1730 1205 1827 petulantia

271 1836 324 1909 Et
350 1841 494 1909 natum
522 1833 662 1933 spoliis
689 1857 831 1931 genus,

378 1942 608 2040 Numquam
638 1939 812 2015 blandus
842 1940 927 2015 alat
954 1942 1176 2017 sollicitum
1203 1970 1331 2045 sopor,

273 2048 354 2123 Sed
384 2047 484 2122 dure
513 2048 683 2121 recubet
711 2048 796 2121 selo

377 2156 430 2228 Et
458 2154 591 2229 discat
619 2153 810 2227 miseram
839 2155 1079 2254 pauperiem
1107 2157 1205 2256 pati.

272 2262 362 2335 Hae
390 2261 503 2359 leges
532 2260 808 2335 adamantinis

377 2367 635 2467 Perscriptae
664 2367 816 2442 tabulis
846 2375 981 2444 eastra
1009 2371 1281 2468 sequentium:

272 2475 479 2574 Quidquid
507 2474 765 2573 praecipiunt
794 2475 931 2564 (luces,

379 2582 589 2674 Observa;
620 2581 756 2680 vigila,
787 2582 920 2657 nudus
950 2585 1195 2673 obambula3

273 2690 316 2766 Si
344 2690 427 2763 sint
453 2714 546 2763 rara
574 2687 792 2788 stipendia,

375 2796 435 2870 Ne
466 2796 685 2895 quidquam
717 2819 882 2869 moveas
911 2820 989 2872 nee
1018 2797 1147 2874 libeat
1176 2798 1306 2898 que1i;

271 2902 467 2977 Admisce
497 2902 669 3001 dapibus
697 2901 849 2977 famem

378 3009 634 3107 Ardentique
663 3009 729 3083 siti
759 3011 909 3108 poeula
937 3015 1135 3109 tempera.

271 3118 363 3191 Non
392 3117 537 3190 caedes
566 3116 718 3190 vetitae
748 3124 888 3192 tamen

377 3224 462 3298 Nee
492 3233 588 3298 sunt
615 3221 724 3297 furta
752 3223 843 3298 tibi:
874 3224 982 3322 quod
1009 3225 1177 3323 poteris,
1207 3250 1321 3325 rape3

272 3330 479 3429 Quidquid
510 3355 633 3406 saeva
660 3330 887 3404 necessitas

378 3439 570 3527 Excusat,
601 3437 774 3511 licitum:
803 3462 855 3511 ne
883 3436 1008 3511 timor
1036 3447 1220 3538 occupet.

244 3538 387 3618 ¹Haee
417 3554 479 3618 est
506 3552 661 3619 tessera
689 3544 877 3634 militum,

376 3652 491 3725 Haec
519 3651 716 3726 mandata
747 3650 825 3739 dei,
858 3651 1015 3749 proelia
1045 3651 1114 3751 qui
1143 3650 1233 3726 ciet.

269 3759 361 3833 Non
391 3759 519 3833 multo
549 3758 685 3858 potior
713 3764 855 3847 status,

377 3864 479 3939 Cum
509 3865 561 3940 sit
589 3871 706 3940 tanta
734 3867 821 3939 lues
850 3889 875 3937 a
903 3865 1037 3964 patria
1064 3865 1232 3964 procul?
1372 3889 1391 3925 a

271 3972 381 4046 Hine
412 3997 494 4070 pax
522 3973 632 4047 laeta
660 3973 766 4045 veni:
795 3979 867 4046 tua

378 4078 507 4153 Grato
537 4079 780 4178 suscipimus
810 4103 980 4152 munera
1008 4086 1185 4178 pectore.
