3164 5154
171 226 234 285 263
712 215 918 273 smvnnuu

171 414 343 491 Obbinet
371 421 413 490 et
439 415 624 514 probitas
653 414 757 490 caeli
785 413 1012 490 laetissima
1040 415 1185 490 sedem

275 523 362 597 Nee
389 523 543 597 Lethes
573 521 726 597 oblivia
754 522 905 596 delent.

169 628 305 705 Fortis
334 629 498 705 Pelides
525 628 773 704 iuvenilibus
805 627 957 704 oceidit
984 628 1120 704 annis:

278 735 481 812 Constans
511 736 643 811 laudis
673 735 785 811 fama
812 735 1032 829 remansit3

171 843 245 919 Vis
275 849 451 941 augusta
479 843 562 919 Titi
591 843 764 918 memori
793 843 1024 918 celebratur
1052 846 1105 918 ab
1136 846 1252 935 orbe,

276 949 365 1027 Etsi
393 951 519 1048 longa
547 956 701 1049 negata
729 950 783 1026 sit
810 957 937 1025 aetas,

171 1056 279 1147 Quid
307 1056 421 1131 iuvat
448 1057 673 1131 innumeris
702 1057 849 1132 saeclis
877 1056 1040 1147 vixisse,
1071 1064 1269 1133 senectus

278 1163 322 1240 Si
349 1163 478 1240 vitam
506 1166 705 1263 probrosa
733 1167 935 1239 coronet?

761 1726 857 1794 VIII.

515 1940 844 2020 NEGLECTUS
873 1942 1109 2020 SALUTIS.

278 2155 443 2231 Gaudia
471 2154 630 2253 spernis
659 2180 802 2229 amens
1297 2168 1348 2225 fol.
1360 2169 1418 2225 12⁰¹-

170 2262 370 2354 Siderum‚
401 2261 565 2361 quando
595 2262 794 2336 scelerum
823 2262 933 2336 mole
961 2261 1079 2360 gravi
1109 2286 1311 2338 cavernas

275 2366 342 2445 Ad
374 2367 539 2467 Stygias
568 2368 719 2443 videris

167 2475 354 2578 Deprimi
383 2482 507 2575 atque
537 2500 647 2551 erras
675 2474 811 2550 varias
838 2500 914 2575 per
940 2476 1135 2551 tenebras
1163 2474 1209 2550 in
1239 2478 1346 2566 orbe,
1409 2508 1418 2544 ι

274 2581 523 2658 Andabatae
553 2589 599 2657 ut
627 2588 790 2657 vetuste

166 2691 281 2766 More
310 2695 532 2765 sueverunt
559 2688 662 2765 fatui
692 2688 928 2788 sanguineis
957 2688 1131 2764 harenis.

275 2796 374 2886 Quis
403 2797 587 2871 animum
615 2796 778 2895 periclis

168 2903 338 2996 Obruas,
367 2904 514 2994 nescis,
543 2903 720 3002 liquidas
750 2905 847 2977 dum
875 2901 1035 2978 veheris
1064 2927 1139 3002 per
1166 2903 1302 2979 undas
1405 2933 1413 2970 s

276 3010 465 3109 Cypridis
494 3017 538 3085 et
564 3011 723 3084 volanti

167 3117 306 3193 Liberi
335 3117 436 3216 pinu
463 3116 618 3215 raperis
646 3143 731 3192 non
758 3116 927 3192 timidus
955 3115 1116 3216 perire?

272 3223 367 3298 Non
395 3224 502 3299 vada
531 3249 657 3299 caeca
683 3230 850 3314 terrent,

167 3330 337 3405 Turbidi
367 3338 440 3406 aut
466 3332 592 3421 venti,
624 3331 814 3430 scopulos
842 3355 927 3405 non
955 3329 1107 3406 metuis
1137 3330 1343 3405 latentes?
1396 3354 1413 3392 ιι

274 3439 386 3513 Dum
416 3438 515 3512 sinit
544 3439 659 3529 hora,
690 3438 860 3538 puppim

168 3544 375 3620 Subtrahe
406 3545 458 3618 ad
486 3545 596 3639 litus,
625 3544 794 3619 tumidis
822 3550 864 3620 te
893 3544 1039 3645 procul
1067 3564 1093 3619 a
1120 3543 1313 3643 procellis

272 3653 327 3726 Et
354 3653 503 3751 pelago
532 3651 727 3726 frementi

166 3757 340 3848 Amove,
370 3766 535 3857 portum
564 3761 724 3850 subeas
758 3758 975 3849 admone0‚
1006 3756 1163 3849 salutis

273 3865 335 3939 Ne
364 3865 553 3941 Thetidis
581 3866 786 3965 profundo

166 3970 398 4071 Naufragus
427 3997 614 4070 mergare
645 3973 748 4062 sinu,
778 3972 1000 4047 Nereidum
1030 3969 1166 4045 cubili.
