3164 5154
715 238 921 296 SILVARUM

394 438 509 530 Quae
530 463 668 530 eausa,
694 438 829 514 celsae
848 437 1097 538 praecipites
1120 446 1249 516 ruunt

395 545 497 621 Cum
518 549 655 645 strage
675 548 835 621 turres?
864 545 1027 621 abditus
1043 571 1097 622 an
1115 545 1250 623 Notus

449 653 671 728 Commota
698 651 968 729 fundamenta
994 653 1132 742 vertit,

500 757 569 834 An
599 759 805 858 crepitans
834 760 916 836 ruit
943 759 1076 835 imber
1103 763 1249 836 arces?

394 919 447 993 Et
475 944 545 993 cur
575 926 756 994 cometes
785 919 1013 1016 sanguinea
1038 922 1161 996 rubet

395 1026 523 1124 Virga
551 1026 792 1101 timendus?
821 1025 920 1125 quid
947 1026 1102 1126 gemini
1131 1027 1229 1128 polo

449 1133 566 1208 Soles
595 1133 831 1209 minantur?
861 1159 955 1208 cum
983 1134 1168 1234 benigna

493 1239 622 1315 Stella
644 1241 766 1330 loris,
792 1239 965 1317 Veneris
990 1243 1100 1341 quod
1121 1245 1299 1317 astrum?
1411 1293 1432 1332 a

395 1399 537 1499 Atque
565 1401 674 1474 unde
702 1426 836 1475 rerum
864 1407 929 1476 tot
955 1401 1090 1477 varia-t
1117 1402 1230 1477 vices

396 1507 432 1581 N
436 1516 557 1581 atura
583 1511 742 1582 mater?
773 1507 998 1606 degenerat
1026 1534 1098 1584 suo

449 1613 592 1689 Proles
621 1622 792 1713 parente
822 1620 864 1689 et
890 1614 1046 1690 fulmen
1074 1616 1181 1692 altas

502 1720 698 1797 Concutit
725 1721 1048 1821 immodicasque
1077 1725 1273 1822 quercus?
1415 1776 1436 1813 2,

397 1885 525 1974 Haeo,
551 1881 705 1981 Crispe,
734 1881 886 1957 frustra
907 1882 1068 1981 quaeris
1095 1890 1138 1958 et
1154 1882 1277 1957 anxio

396 1989 552 2065 Sudore
579 1996 724 2088 peetus
753 1989 977 2064 discrucias
1004 1991 1139 2079 miser,

449 2096 610 2173 Oblitus
640 2121 844 2170 armorum
875 2102 916 2171 et
944 2122 1085 2172 severo

503 2203 713 2279 Sollicitos
742 2203 870 2277 animi
898 2205 1099 2279 tumultus

396 2363 550 2438 Aroere
578 2362 693 2437 freno
723 2363 898 2438 nescius.
930 2361 1108 2438 Abditas

398 2470 504 2561 Quid
522 2471 625 2545 scire
646 2474 814 2545 causas?
844 2470 968 2546 Sume
987 2469 1244 2559 modestiam,

448 2577 653 2677 Absterge
681 2603 806 2677 rugas
834 2576 961 2653 tristis
992 2577 1072 2652 oris

502 2686 555 2758 Et
580 2683 721 2759 faciles
751 2684 839 2759 sine
867 2686 960 2759 labe
988 2709 1123 2759 mores

399 2843 601 2919 Assuesce
629 2844 808 2919 tandem.
865 2844 986 2919 Vana
1013 2843 1196 2934 seientia,

396 2951 668 3026 lucrmditatis
696 2950 739 3025 ni
768 2949 853 3026 sale
882 2950 1066 3025 condias:

450 3057 709 3135 Urbanitatis
738 3063 1019 3157 temperentur

499 3165 679 3264 Legibus
708 3165 917 3265 asperiora
945 3163 1081 3241 Stoae.

742 3506 813 3513 --·-.
823 3506 899 3512 --.

790 3765 847 3829 VI.

384 3977 669 4057 CRAPULAE
698 3979 814 4057 NON
844 3980 1256 4060 INDULGENDUM.

395 4192 630 4268 Caecubum
658 4193 807 4292 poscis,
839 4195 1011 4292 cyathos
1041 4219 1216 4294 capaces
1312 4209 1424 4267 soler·

394 4300 543 4398 llcrgis
571 4299 613 4374 in
643 4307 830 4375 ventrem
858 4301 1073 4391 tumidum,
1103 4301 1342 4392 Menander,

395 4404 457 4480 Ac
485 4406 587 4481 fides
618 4407 758 4482 dulces
786 4407 942 4506 liquido
971 4409 1144 4483 resumis

500 4513 675 4588 Numine
704 4515 860 4615 plenus
