3164 5154
652 264 721 318 LIB.
742 265 763 319 Ι.
783 267 864 319 2-4.

734 460 799 525 ΙΙΙ.

359 622 640 701 ASCENSUS
668 624 871 702 MENTlS
898 612 955 702 lN
985 626 1149 704 DEUM.

172 787 263 877 Quo
293 809 359 859 me
388 791 555 859 sanctus
583 809 700 861 amor
726 786 812 885 poli
1264 803 1314 859 fol.
1334 806 1368 858 a·

280 893 421 980 Ducit,
451 916 531 990 quo
559 891 728 991 rapiunt
755 893 939 968 sidereae
966 892 1104 970 faces?

171 999 288 1089 Quae
317 1004 477 1073 secreta
506 1001 677 1074 canam?
704 1024 860 1074 nocens

279 1103 348 1179 An
375 1104 519 1180 Martis
548 1104 690 1180 iubar?
719 1132 772 1182 an
801 1106 1051 1182 Mercurium
1079 1132 1231 1206 vagum
1373 1146 1386 1185 ι

174 1212 395 1288 Saturnive
423 1209 646 1286 ferociam?

280 1316 567 1394 Iucundumne
594 1316 705 1392 Iovis
733 1318 873 1393 lumen
902 1344 956 1395 an
984 1320 1097 1395 aurei

176 1424 286 1500 Solis
314 1425 381 1499 vel
409 1423 582 1499 Veneris
611 1426 760 1499 decus?

281 1532 363 1608 Seu
391 1530 553 1606 diversa
580 1530 681 1606 levis
709 1557 864 1608 cornua
894 1533 1122 1630 Cynthiae?

178 1638 283 1713 Sunt
311 1638 416 1712 haec
446 1637 570 1712 docta
597 1639 837 1736 crepundia:

282 1744 487 1819 Sublimes
515 1768 707 1844 superum
736 1771 852 1820 mens
880 1752 1073 1845 penetret
1100 1747 1255 1824 domos

173 1850 296 1926 Dulci
322 1850 504 1950 gaudeat
532 1851 653 1925 icone

279 1959 334 2032 Et
360 1981 545 2032 summae
573 1956 746 2033 Triados
775 1960 866 2034 luce
894 1959 1099 2059 refulgeat

173 2063 237 2138 Ac
266 2062 370 2139 caeli
398 2063 513 2139 ebria
538 2070 718 2154 nectare,

281 2171 339 2249 Ut
366 2171 537 2245 Maenas
567 2170 742 2246 stimulis
771 2173 912 2247 saucia
939 2172 1159 2248 Bacchiois

173 2277 267 2353 Non
295 2276 424 2352 fertur
451 2276 589 2352 stabili
618 2278 759 2376 gradu,

280 2382 348 2458 Sic
376 2383 502 2460 sacris
531 2383 686 2460 titubet
713 2408 876 2484 semper
903 2388 955 2460 ab
985 2386 1179 2462 aestibus.
1360 2421 1384 2460 o

175 2491 237 2565 Ne
265 2490 368 2565 fidat
394 2489 567 2565 nimium
596 2498 738 2567 tamen

281 2597 368 2672 Aut
394 2597 582 2673 flammas
611 2599 737 2673 dubia
765 2599 963 2674 sollicitet
990 2599 1085 2673 fide:

173 2702 291 2779 Divis
318 2709 439 2802 grata
466 2704 669 2780 modestia

279 2811 403 2910 Ignes
432 2811 620 2902 subiciat,
650 2835 734 2886 non
762 2820 898 2887 tumor
926 2813 1146 2912 improbus.

174 2915 307 3005 Quem
334 2942 444 2993 vana
471 2942 571 2992 aura
599 2917 815 3018 superbiae

282 3023 421 3116 Tollit,
451 3024 639 3100 destituit
665 3025 802 3123 gratia
828 3024 1020 3100 numinis.

728 3359 788 3422 IV.

269 3521 433 3598 mans
462 3522 605 3599 roro
635 3520 704 3596 ar
732 3519 1037 3599 mnocsnri
1066 3523 1256 3599 anona

596 3628 917 3704 Mincium.
1274 3696 1381 3750 w

118 3787 319 3865 Imminet
346 3787 452 3863 acris
479 3786 612 3862 hiems
640 3787 779 3884 gelida
806 3787 914 3877 nive,
944 3785 1104 3887 frigidis
1132 3789 1289 3888 pruinis

227 3896 281 3969 Et
307 3902 422 3970 veste
449 3894 571 3969 tellus
600 3894 777 3969 candida
803 3895 971 3969 relucet.

121 4003 245 4078 Nunc
273 4001 409 4100 glacie
437 4000 695 4099 stringuntur
722 4000 894 4074 flumina
919 4025 997 4075 nec
1021 3999 1159 4075 ferunt
1177 4000 1348 4089 carinas,

228 4107 312 4184 Sed
340 4107 519 4183 stridulis
549 4133 712 4183 currum
741 4107 842 4183 rotis
871 4114 1073 4183 teruntur.

118 4216 211 4290 Iam
242 4215 414 4291 stabulis
442 4215 605 4315 pigrum
633 4218 805 4289 recubat
832 4239 958 4313 pecus
987 4220 1029 4288 et
1055 4214 1176 4289 timet
1197 4211 1349 4310 rigenti

229 4321 403 4398 Prodire
430 4329 556 4398 vento
586 4347 659 4420 per
686 4321 772 4396 vias
803 4321 978 4395 dolosas.

117 4430 212 4505 Iam
241 4429 400 4503 senium
427 4427 594 4505 frondes
631 4427 814 4527 ignobile
852 4428 996 4502 condit
1023 4435 1146 4527 atque
1176 4450 1350 4501 amoena

229 4535 402 4635 Linquit
429 4537 608 4611 virentes
637 4538 801 4611 arbores
829 4534 1030 4610 iuventus.
1378 4567 1392 4606 a
