<?xml version="1.0" encoding="UTF-8"?>
<!DOCTYPE html PUBLIC "-//W3C//DTD XHTML 1.0 Transitional//EN"
    "http://www.w3.org/TR/xhtml1/DTD/xhtml1-transitional.dtd">
<html xmlns="http://www.w3.org/1999/xhtml" xml:lang="en" lang="en">
 <head>
  <title>
</title>
<meta http-equiv="Content-Type" content="text/html;charset=utf-8" />
  <meta name='ocr-system' content='tesseract 3.04.00' />
  <meta name='ocr-capabilities' content='ocr_page ocr_carea ocr_par ocr_line ocrx_word'/>
</head>
<body>
  <div class='ocr_page' id='page_1' title='image "./psimonrettenbac00lehngoog/psimonrettenbac00lehngoog_0283.png"; bbox 0 0 3164 5154; ppageno 0'>
   <div class='ocr_carea' id='block_1_1' title="bbox 698 233 905 291">
    <p class='ocr_par' dir='ltr' id='par_1_1' title="bbox 698 233 905 291">
     <span class='ocr_line' id='line_1_1' title="bbox 698 233 905 291; baseline -0.01 -1"><span class='ocrx_word' id='word_1_1' title='bbox 698 233 905 291; x_wconf 83' lang='lat' dir='ltr'>SILVABUM</span> 
     </span>
    </p>
   </div>
   <div class='ocr_carea' id='block_1_2' title="bbox 376 432 1206 856">
    <p class='ocr_par' dir='ltr' id='par_1_2' title="bbox 378 432 1206 536">
     <span class='ocr_line' id='line_1_2' title="bbox 378 432 1206 536; baseline -0.004 -23"><span class='ocrx_word' id='word_1_2' title='bbox 378 436 485 513; x_wconf 87' lang='lat' dir='ltr'>Sunt</span> <span class='ocrx_word' id='word_1_3' title='bbox 512 435 678 536; x_wconf 90' lang='lat' dir='ltr'>quidem</span> <span class='ocrx_word' id='word_1_4' title='bbox 706 432 884 526; x_wconf 85' lang='lat' dir='ltr'>fastidia,</span> <span class='ocrx_word' id='word_1_5' title='bbox 915 440 1012 510; x_wconf 84' lang='lat' dir='ltr'>sunt</span> <span class='ocrx_word' id='word_1_6' title='bbox 1039 434 1206 510; x_wconf 82' lang='lat' dir='ltr'>labores</span> 
     </span>
    </p>

    <p class='ocr_par' dir='ltr' id='par_1_3' title="bbox 378 541 1155 643">
     <span class='ocr_line' id='line_1_3' title="bbox 378 541 1155 643; baseline -0.004 -24"><span class='ocrx_word' id='word_1_7' title='bbox 378 543 627 643; x_wconf 85' lang='lat' dir='ltr'>Coniugum:</span> <span class='ocrx_word' id='word_1_8' title='bbox 658 543 818 617; x_wconf 86' lang='lat' dir='ltr'>caelum</span> <span class='ocrx_word' id='word_1_9' title='bbox 846 541 1017 617; x_wconf 89' lang='lat' dir='ltr'>meliore</span> <span class='ocrx_word' id='word_1_10' title='bbox 1046 541 1155 616; x_wconf 90' lang='lat' dir='ltr'>dono</span> 
     </span>
    </p>

    <p class='ocr_par' dir='ltr' id='par_1_4' title="bbox 376 648 1048 856">
     <span class='ocr_line' id='line_1_4' title="bbox 376 648 1048 726; baseline -0.003 -2"><span class='ocrx_word' id='word_1_11' title='bbox 376 650 535 725; x_wconf 86' lang='lat' dir='ltr'>Pensat</span> <span class='ocrx_word' id='word_1_12' title='bbox 562 657 604 726; x_wconf 90' lang='lat' dir='ltr'>et</span> <span class='ocrx_word' id='word_1_13' title='bbox 632 674 749 726; x_wconf 85' lang='lat' dir='ltr'>ouras</span> <span class='ocrx_word' id='word_1_14' title='bbox 778 648 905 724; x_wconf 88' lang='lat' dir='ltr'>animi</span> <span class='ocrx_word' id='word_1_15' title='bbox 932 648 1048 725; x_wconf 82' lang='lat' dir='ltr'>suavi</span> 
     </span>
     <span class='ocr_line' id='line_1_5' title="bbox 483 757 842 856; baseline -0.003 -25"><span class='ocrx_word' id='word_1_16' title='bbox 483 757 705 856; x_wconf 76' lang='lat' dir='ltr'>Temperat</span> <span class='ocrx_word' id='word_1_17' title='bbox 732 781 842 832; x_wconf 86' lang='lat' dir='ltr'>aura.</span> 
     </span>
    </p>
   </div>
   <div class='ocr_carea' id='block_1_3' title="bbox 374 916 1222 1314">
    <p class='ocr_par' dir='ltr' id='par_1_5' title="bbox 376 916 1113 1015">
     <span class='ocr_line' id='line_1_6' title="bbox 376 916 1113 1015; baseline -0.005 -24"><span class='ocrx_word' id='word_1_18' title='bbox 376 917 514 993; x_wconf 82' lang='lat' dir='ltr'>Liberi</span> <span class='ocrx_word' id='word_1_19' title='bbox 543 924 640 993; x_wconf 86' lang='lat' dir='ltr'>sunt</span> <span class='ocrx_word' id='word_1_20' title='bbox 667 916 841 992; x_wconf 80' lang='lat' dir='ltr'>deliciae</span> <span class='ocrx_word' id='word_1_21' title='bbox 870 922 1113 1015; x_wconf 89' lang='lat' dir='ltr'>parentum:</span> 
     </span>
    </p>

    <p class='ocr_par' dir='ltr' id='par_1_6' title="bbox 374 1023 1146 1123">
     <span class='ocr_line' id='line_1_7' title="bbox 374 1023 1146 1123; baseline 0 -25"><span class='ocrx_word' id='word_1_22' title='bbox 374 1025 506 1099; x_wconf 86' lang='lat' dir='ltr'>Filius</span> <span class='ocrx_word' id='word_1_23' title='bbox 536 1024 665 1099; x_wconf 81' lang='lat' dir='ltr'>duleis</span> <span class='ocrx_word' id='word_1_24' title='bbox 693 1023 822 1123; x_wconf 87' lang='lat' dir='ltr'>patris</span> <span class='ocrx_word' id='word_1_25' title='bbox 852 1030 915 1098; x_wconf 86' lang='lat' dir='ltr'>est</span> <span class='ocrx_word' id='word_1_26' title='bbox 941 1024 1146 1122; x_wconf 76' lang='lat' dir='ltr'>voluptaS,</span> 
     </span>
    </p>

    <p class='ocr_par' dir='ltr' id='par_1_7' title="bbox 376 1130 1222 1314">
     <span class='ocr_line' id='line_1_8' title="bbox 376 1130 1222 1223; baseline 0.002 -19"><span class='ocrx_word' id='word_1_27' title='bbox 376 1131 559 1208; x_wconf 85' lang='lat' dir='ltr'>Blandus</span> <span class='ocrx_word' id='word_1_28' title='bbox 589 1138 631 1207; x_wconf 91' lang='lat' dir='ltr'>et</span> <span class='ocrx_word' id='word_1_29' title='bbox 659 1156 787 1207; x_wconf 79' lang='lat' dir='ltr'>canae</span> <span class='ocrx_word' id='word_1_30' title='bbox 814 1130 984 1205; x_wconf 84' lang='lat' dir='ltr'>baculus</span> <span class='ocrx_word' id='word_1_31' title='bbox 1014 1139 1222 1223; x_wconf 76' lang='lat' dir='ltr'>senectae,</span> 
     </span>
     <span class='ocr_line' id='line_1_9' title="bbox 483 1238 829 1314; baseline -0.009 0"><span class='ocrx_word' id='word_1_32' title='bbox 483 1239 646 1314; x_wconf 83' lang='lat' dir='ltr'>Gaudia</span> <span class='ocrx_word' id='word_1_33' title='bbox 674 1238 829 1313; x_wconf 81' lang='lat' dir='ltr'>matris.</span> 
     </span>
    </p>
   </div>
   <div class='ocr_carea' id='block_1_4' title="bbox 375 1397 1192 1712">
    <p class='ocr_par' dir='ltr' id='par_1_8' title="bbox 375 1397 1192 1712">
     <span class='ocr_line' id='line_1_10' title="bbox 375 1397 1009 1474; baseline -0.002 -1"><span class='ocrx_word' id='word_1_34' title='bbox 375 1398 497 1474; x_wconf 88' lang='lat' dir='ltr'>Nulla</span> <span class='ocrx_word' id='word_1_35' title='bbox 524 1399 634 1474; x_wconf 89' lang='lat' dir='ltr'>vitae</span> <span class='ocrx_word' id='word_1_36' title='bbox 663 1397 853 1474; x_wconf 82' lang='lat' dir='ltr'>condicio</span> <span class='ocrx_word' id='word_1_37' title='bbox 881 1400 1009 1472; x_wconf 89' lang='lat' dir='ltr'>beata</span> 
     </span>
     <span class='ocr_line' id='line_1_11' title="bbox 377 1503 1192 1605; baseline -0.002 -24"><span class='ocrx_word' id='word_1_38' title='bbox 377 1505 548 1605; x_wconf 87' lang='lat' dir='ltr'>Semper</span> <span class='ocrx_word' id='word_1_39' title='bbox 576 1513 618 1581; x_wconf 92' lang='lat' dir='ltr'>et</span> <span class='ocrx_word' id='word_1_40' title='bbox 644 1504 759 1581; x_wconf 79' lang='lat' dir='ltr'>luctu</span> <span class='ocrx_word' id='word_1_41' title='bbox 788 1505 875 1580; x_wconf 85' lang='lat' dir='ltr'>sine</span> <span class='ocrx_word' id='word_1_42' title='bbox 904 1528 1027 1580; x_wconf 91' lang='lat' dir='ltr'>nemo</span> <span class='ocrx_word' id='word_1_43' title='bbox 1057 1503 1192 1601; x_wconf 87' lang='lat' dir='ltr'>degit:</span> 
     </span>
     <span class='ocr_line' id='line_1_12' title="bbox 377 1611 1076 1712; baseline -0.001 -25"><span class='ocrx_word' id='word_1_44' title='bbox 377 1611 510 1712; x_wconf 85' lang='lat' dir='ltr'>Saepe</span> <span class='ocrx_word' id='word_1_45' title='bbox 539 1613 723 1688; x_wconf 87' lang='lat' dir='ltr'>solamen</span> <span class='ocrx_word' id='word_1_46' title='bbox 750 1612 898 1688; x_wconf 88' lang='lat' dir='ltr'>misero</span> <span class='ocrx_word' id='word_1_47' title='bbox 927 1611 1076 1687; x_wconf 85' lang='lat' dir='ltr'>marito</span> 
     </span>
    </p>
   </div>
   <div class='ocr_carea' id='block_1_5' title="bbox 482 1719 775 1794">
    <p class='ocr_par' dir='ltr' id='par_1_9' title="bbox 482 1719 775 1794">
     <span class='ocr_line' id='line_1_13' title="bbox 482 1719 775 1794; baseline -0.007 0"><span class='ocrx_word' id='word_1_48' title='bbox 482 1719 636 1794; x_wconf 77' lang='lat' dir='ltr'>Attulit</span> <span class='ocrx_word' id='word_1_49' title='bbox 664 1744 775 1793; x_wconf 84' lang='lat' dir='ltr'>uxor.</span> 
     </span>
    </p>
   </div>
   <div class='ocr_carea' id='block_1_6' title="bbox 739 2040 879 2047">
    <p class='ocr_par' dir='ltr' id='par_1_10' title="bbox 739 2040 879 2047">
     <span class='ocr_line' id='line_1_14' title="bbox 739 2040 879 2047; baseline 0.014 -2"><span class='ocrx_word' id='word_1_50' title='bbox 739 2040 879 2047; x_wconf 76' lang='lat'>-—..-—</span> 
     </span>
    </p>
   </div>
   <div class='ocr_carea' id='block_1_7' title="bbox 756 2320 857 2387">
    <p class='ocr_par' dir='ltr' id='par_1_11' title="bbox 756 2320 857 2387">
     <span class='ocr_line' id='line_1_15' title="bbox 756 2320 857 2387; baseline 0.02 -2"><span class='ocrx_word' id='word_1_51' title='bbox 756 2320 857 2387; x_wconf 89' lang='lat' dir='ltr'>XXI.</span> 
     </span>
    </p>
   </div>
   <div class='ocr_carea' id='block_1_8' title="bbox 446 2537 1157 2640">
    <p class='ocr_par' dir='ltr' id='par_1_12' title="bbox 446 2537 1157 2640">
     <span class='ocr_line' id='line_1_16' title="bbox 446 2537 1157 2640; baseline -0.004 -27"><span class='ocrx_word' id='word_1_52' title='bbox 446 2537 649 2615; x_wconf 88' lang='lat' dir='ltr'>ANIMUS</span> <span class='ocrx_word' id='word_1_53' title='bbox 678 2538 828 2615; x_wconf 84' lang='lat' dir='ltr'>DEUM</span> <span class='ocrx_word' id='word_1_54' title='bbox 857 2537 1157 2640; x_wconf 83' lang='lat' dir='ltr'><strong>QUAERENS.</strong></span> 
     </span>
    </p>
   </div>
   <div class='ocr_carea' id='block_1_9' title="bbox 371 2749 1387 3148">
    <p class='ocr_par' dir='ltr' id='par_1_13' title="bbox 371 2749 1387 3148">
     <span class='ocr_line' id='line_1_17' title="bbox 373 2749 1387 2849; baseline -0.008 -23"><span class='ocrx_word' id='word_1_55' title='bbox 373 2752 469 2826; x_wconf 83' lang='lat' dir='ltr'>Vixi</span> <span class='ocrx_word' id='word_1_56' title='bbox 499 2752 675 2849; x_wconf 86' lang='lat' dir='ltr'>quietus:</span> <span class='ocrx_word' id='word_1_57' title='bbox 705 2777 782 2825; x_wconf 87' lang='lat' dir='ltr'>nee</span> <span class='ocrx_word' id='word_1_58' title='bbox 812 2751 960 2825; x_wconf 89' lang='lat' dir='ltr'>dubiae</span> <span class='ocrx_word' id='word_1_59' title='bbox 989 2749 1091 2825; x_wconf 90' lang='lat' dir='ltr'>mihi</span> <span class='ocrx_word' id='word_1_60' title='bbox 1286 2765 1331 2820; x_wconf 84' lang='lat' dir='ltr'>fol.</span> <span class='ocrx_word' id='word_1_61' title='bbox 1346 2765 1387 2819; x_wconf 77' lang='lat'><strong>95¹·</strong></span> 
     </span>
     <span class='ocr_line' id='line_1_18' title="bbox 371 2857 1051 2956; baseline -0.001 -23"><span class='ocrx_word' id='word_1_62' title='bbox 371 2860 453 2933; x_wconf 88' lang='lat' dir='ltr'>Res</span> <span class='ocrx_word' id='word_1_63' title='bbox 482 2859 727 2949; x_wconf 82' lang='lat' dir='ltr'>inciderunt,</span> <span class='ocrx_word' id='word_1_64' title='bbox 756 2857 890 2932; x_wconf 80' lang='lat' dir='ltr'>tristia</span> <span class='ocrx_word' id='word_1_65' title='bbox 917 2858 1051 2956; x_wconf 86' lang='lat' dir='ltr'>iurgia</span> 
     </span>
     <span class='ocr_line' id='line_1_19' title="bbox 424 2966 1010 3065; baseline -0.002 -24"><span class='ocrx_word' id='word_1_66' title='bbox 424 2966 511 3041; x_wconf 86' lang='lat' dir='ltr'>Nee</span> <span class='ocrx_word' id='word_1_67' title='bbox 539 2991 641 3065; x_wconf 86' lang='lat' dir='ltr'>paee</span> <span class='ocrx_word' id='word_1_68' title='bbox 669 2966 890 3065; x_wconf 83' lang='lat' dir='ltr'>privavere,</span> <span class='ocrx_word' id='word_1_69' title='bbox 916 2966 1010 3040; x_wconf 86' lang='lat' dir='ltr'>lites</span> 
     </span>
     <span class='ocr_line' id='line_1_20' title="bbox 477 3071 1175 3148; baseline 0 0"><span class='ocrx_word' id='word_1_70' title='bbox 477 3074 564 3148; x_wconf 84' lang='lat' dir='ltr'>Nee</span> <span class='ocrx_word' id='word_1_71' title='bbox 592 3080 778 3148; x_wconf 84' lang='lat' dir='ltr'>tumuere</span> <span class='ocrx_word' id='word_1_72' title='bbox 807 3071 945 3148; x_wconf 88' lang='lat' dir='ltr'>animo</span> <span class='ocrx_word' id='word_1_73' title='bbox 974 3072 1175 3148; x_wconf 86' lang='lat' dir='ltr'>modesto.</span> 
     </span>
    </p>
   </div>
   <div class='ocr_carea' id='block_1_10' title="bbox 370 3230 1392 3633">
    <p class='ocr_par' dir='ltr' id='par_1_14' title="bbox 370 3230 1392 3633">
     <span class='ocr_line' id='line_1_21' title="bbox 370 3230 1110 3332; baseline -0.001 -25"><span class='ocrx_word' id='word_1_74' title='bbox 370 3233 466 3308; x_wconf 83' lang='lat' dir='ltr'>Vixi</span> <span class='ocrx_word' id='word_1_75' title='bbox 496 3234 676 3332; x_wconf 87' lang='lat' dir='ltr'>quietus:</span> <span class='ocrx_word' id='word_1_76' title='bbox 706 3258 791 3307; x_wconf 88' lang='lat' dir='ltr'>non</span> <span class='ocrx_word' id='word_1_77' title='bbox 820 3232 969 3325; x_wconf 91' lang='lat' dir='ltr'>odium,</span> <span class='ocrx_word' id='word_1_78' title='bbox 999 3230 1110 3308; x_wconf 85' lang='lat' dir='ltr'>furor</span> 
     </span>
     <span class='ocr_line' id='line_1_22' title="bbox 370 3339 1134 3416; baseline 0 -3"><span class='ocrx_word' id='word_1_79' title='bbox 370 3339 457 3414; x_wconf 89' lang='lat' dir='ltr'>Aut</span> <span class='ocrx_word' id='word_1_80' title='bbox 486 3340 546 3415; x_wconf 87' lang='lat' dir='ltr'>ira</span> <span class='ocrx_word' id='word_1_81' title='bbox 573 3347 754 3415; x_wconf 89' lang='lat' dir='ltr'>mentem</span> <span class='ocrx_word' id='word_1_82' title='bbox 784 3339 943 3414; x_wconf 84' lang='lat' dir='ltr'>deicere</span> <span class='ocrx_word' id='word_1_83' title='bbox 972 3365 994 3414; x_wconf 89' lang='lat' dir='ltr'>e</span> <span class='ocrx_word' id='word_1_84' title='bbox 1023 3345 1134 3416; x_wconf 87' lang='lat' dir='ltr'>statu</span> 
     </span>
     <span class='ocr_line' id='line_1_23' title="bbox 422 3446 1196 3546; baseline 0 -24"><span class='ocrx_word' id='word_1_85' title='bbox 422 3447 510 3523; x_wconf 89' lang='lat' dir='ltr'>Aut</span> <span class='ocrx_word' id='word_1_86' title='bbox 537 3454 696 3522; x_wconf 86' lang='lat' dir='ltr'>vertere</span> <span class='ocrx_word' id='word_1_87' title='bbox 727 3447 935 3546; x_wconf 88' lang='lat' dir='ltr'>obliquam</span> <span class='ocrx_word' id='word_1_88' title='bbox 962 3446 1006 3520; x_wconf 90' lang='lat' dir='ltr'>in</span> <span class='ocrx_word' id='word_1_89' title='bbox 1033 3446 1196 3522; x_wconf 86' lang='lat' dir='ltr'>ruinam</span> 
     </span>
     <span class='ocr_line' id='line_1_24' title="bbox 477 3553 1392 3633; baseline -0.002 -5"><span class='ocrx_word' id='word_1_90' title='bbox 477 3553 654 3628; x_wconf 83' lang='lat' dir='ltr'>Bistonii</span> <span class='ocrx_word' id='word_1_91' title='bbox 682 3556 847 3629; x_wconf 88' lang='lat' dir='ltr'>valuere</span> <span class='ocrx_word' id='word_1_92' title='bbox 875 3554 1000 3628; x_wconf 87' lang='lat' dir='ltr'>venti.</span> <span class='ocrx_word' id='word_1_93' title='bbox 1383 3594 1392 3633; x_wconf 55' lang='grc' dir='ltr'><strong><em>ε</em></strong></span> 
     </span>
    </p>
   </div>
   <div class='ocr_carea' id='block_1_11' title="bbox 368 3712 1388 4135">
    <p class='ocr_par' dir='ltr' id='par_1_15' title="bbox 368 3712 1388 4135">
     <span class='ocr_line' id='line_1_25' title="bbox 369 3712 1059 3814; baseline -0.004 -25"><span class='ocrx_word' id='word_1_94' title='bbox 369 3714 464 3789; x_wconf 85' lang='lat' dir='ltr'>Vixi</span> <span class='ocrx_word' id='word_1_95' title='bbox 493 3714 678 3814; x_wconf 86' lang='lat' dir='ltr'>quietus:</span> <span class='ocrx_word' id='word_1_96' title='bbox 707 3715 821 3789; x_wconf 87' lang='lat' dir='ltr'>nulla</span> <span class='ocrx_word' id='word_1_97' title='bbox 848 3712 1059 3813; x_wconf 83' lang='lat' dir='ltr'>pecuniae,</span> 
     </span>
     <span class='ocr_line' id='line_1_26' title="bbox 368 3820 1112 3920; baseline 0 -25"><span class='ocrx_word' id='word_1_98' title='bbox 368 3821 486 3895; x_wconf 85' lang='lat' dir='ltr'>Fulvi</span> <span class='ocrx_word' id='word_1_99' title='bbox 514 3823 580 3896; x_wconf 87' lang='lat' dir='ltr'>vel</span> <span class='ocrx_word' id='word_1_100' title='bbox 608 3822 696 3896; x_wconf 89' lang='lat' dir='ltr'>auri</span> <span class='ocrx_word' id='word_1_101' title='bbox 724 3848 790 3896; x_wconf 90' lang='lat' dir='ltr'>me</span> <span class='ocrx_word' id='word_1_102' title='bbox 820 3820 909 3896; x_wconf 87' lang='lat' dir='ltr'>sitis</span> <span class='ocrx_word' id='word_1_103' title='bbox 938 3820 1112 3920; x_wconf 88' lang='lat' dir='ltr'>impulit,</span> 
     </span>
     <span class='ocr_line' id='line_1_27' title="bbox 422 3928 1141 4004; baseline -0.001 -2"><span class='ocrx_word' id='word_1_104' title='bbox 422 3928 461 4002; x_wconf 85' lang='lat' dir='ltr'><strong>A</strong></span> <span class='ocrx_word' id='word_1_105' title='bbox 489 3929 655 4004; x_wconf 87' lang='lat' dir='ltr'>tramite</span> <span class='ocrx_word' id='word_1_106' title='bbox 683 3940 729 4003; x_wconf 90' lang='lat' dir='ltr'>ut</span> <span class='ocrx_word' id='word_1_107' title='bbox 757 3936 955 4003; x_wconf 81' lang='lat' dir='ltr'>consueto</span> <span class='ocrx_word' id='word_1_108' title='bbox 984 3928 1141 4003; x_wconf 86' lang='lat' dir='ltr'>abirem</span> 
     </span>
     <span class='ocr_line' id='line_1_28' title="bbox 474 4035 1388 4135; baseline 0.007 -26"><span class='ocrx_word' id='word_1_109' title='bbox 474 4035 798 4135; x_wconf 87' lang='lat' dir='ltr'>Neglegeremve</span> <span class='ocrx_word' id='word_1_110' title='bbox 827 4036 970 4110; x_wconf 85' lang='lat' dir='ltr'>salutis</span> <span class='ocrx_word' id='word_1_111' title='bbox 999 4059 1124 4110; x_wconf 85' lang='lat' dir='ltr'>aram.</span> <span class='ocrx_word' id='word_1_112' title='bbox 1371 4075 1388 4115; x_wconf 79' lang='lat' dir='ltr'>u</span> 
     </span>
    </p>
   </div>
   <div class='ocr_carea' id='block_1_12' title="bbox 368 4195 1389 4620">
    <p class='ocr_par' dir='ltr' id='par_1_16' title="bbox 368 4195 1389 4620">
     <span class='ocr_line' id='line_1_29' title="bbox 368 4195 1246 4295; baseline 0.001 -25"><span class='ocrx_word' id='word_1_113' title='bbox 368 4197 477 4270; x_wconf 92' lang='lat' dir='ltr'>Dum</span> <span class='ocrx_word' id='word_1_114' title='bbox 508 4197 566 4271; x_wconf 84' lang='lat' dir='ltr'>sie</span> <span class='ocrx_word' id='word_1_115' title='bbox 595 4196 772 4295; x_wconf 74' lang='lat' dir='ltr'>quiesco,</span> <span class='ocrx_word' id='word_1_116' title='bbox 801 4222 885 4271; x_wconf 86' lang='lat' dir='ltr'>nen</span> <span class='ocrx_word' id='word_1_117' title='bbox 912 4195 1044 4295; x_wconf 91' lang='lat' dir='ltr'>reperi</span> <span class='ocrx_word' id='word_1_118' title='bbox 1073 4197 1246 4295; x_wconf 83' lang='lat' dir='ltr'>uspiam,</span> 
     </span>
     <span class='ocr_line' id='line_1_30' title="bbox 370 4301 1139 4402; baseline 0.001 -24"><span class='ocrx_word' id='word_1_119' title='bbox 370 4304 501 4394; x_wconf 85' lang='lat' dir='ltr'>Quem</span> <span class='ocrx_word' id='word_1_120' title='bbox 531 4303 779 4402; x_wconf 82' lang='lat' dir='ltr'>diligebam:</span> <span class='ocrx_word' id='word_1_121' title='bbox 811 4303 1011 4379; x_wconf 80' lang='lat' dir='ltr'>sollicitus</span> <span class='ocrx_word' id='word_1_122' title='bbox 1039 4301 1139 4378; x_wconf 85' lang='lat' dir='ltr'>lieet</span> 
     </span>
     <span class='ocr_line' id='line_1_31' title="bbox 423 4411 1070 4487; baseline 0 -2"><span class='ocrx_word' id='word_1_123' title='bbox 423 4411 637 4486; x_wconf 81' lang='lat' dir='ltr'>Scrutarer</span> <span class='ocrx_word' id='word_1_124' title='bbox 665 4413 787 4487; x_wconf 87' lang='lat' dir='ltr'>aedes</span> <span class='ocrx_word' id='word_1_125' title='bbox 818 4417 859 4486; x_wconf 92' lang='lat' dir='ltr'>et</span> <span class='ocrx_word' id='word_1_126' title='bbox 886 4418 1070 4487; x_wconf 81' lang='lat' dir='ltr'>vetustos</span> 
     </span>
     <span class='ocr_line' id='line_1_32' title="bbox 474 4518 1389 4620; baseline 0.003 -27"><span class='ocrx_word' id='word_1_127' title='bbox 474 4521 720 4594; x_wconf 79' lang='lat' dir='ltr'>Excuterem</span> <span class='ocrx_word' id='word_1_128' title='bbox 747 4519 908 4620; x_wconf 85' lang='lat' dir='ltr'>pluteos</span> <span class='ocrx_word' id='word_1_129' title='bbox 936 4518 1144 4594; x_wconf 89' lang='lat' dir='ltr'>librorum.</span> <span class='ocrx_word' id='word_1_130' title='bbox 1372 4556 1389 4598; x_wconf 73' lang='lat' dir='ltr'>a</span> 
     </span>
    </p>
   </div>
   <div class='ocr_carea' id='block_1_13' title="bbox 0 0 1586 5154">
    <p class='ocr_par' dir='ltr' id='par_1_17' title="bbox 0 0 1586 5154">
     <span class='ocr_line' id='line_1_33' title="bbox 0 0 1586 5154; baseline 0 3"><span class='ocrx_word' id='word_1_131' title='bbox 0 0 1586 5154; x_wconf 95' lang='lat' dir='ltr'> </span> 
     </span>
    </p>
   </div>
  </div>
 </body>
</html>
