3164 5154
704 195 911 252 SILVARUM

327 395 403 471 His
431 395 627 471 Phoebus
656 395 814 494 laqueis
844 394 1028 494 expediit
1056 393 1247 494 quidem,

263 584 265 589 ⁴
328 502 493 578 Irretire
521 508 665 578 tamen
693 527 759 576 me
787 502 920 576 voluit
946 507 1101 578 tumor:

381 611 545 685 Numen
574 608 704 684 suasit
732 609 910 684 amicum

436 717 599 792 Maesta
627 716 850 792 abscedere
879 715 1039 790 semita.

727 1039 886 1048 ——-—

776 1317 836 1381 VI.

495 1533 831 1611 ummuuuu
859 1533 893 1609 n
920 1532 1113 1610 runnu.
1195 1625 1198 1631 ,

327 1745 370 1821 Si
400 1745 467 1820 lex
494 1771 562 1819 me
592 1745 744 1820 tabulis
774 1745 929 1845 scripta
956 1744 1243 1822 adamantinis
1289 1759 1339 1815 fol.
1358 1760 1418 1814 119*-

327 1854 476 1927 Terras
506 1852 692 1927 deserere
723 1860 765 1927 et
795 1853 943 1927 cedere
971 1851 1107 1951 patria

325 1960 492 2034 Dilecta
520 1960 672 2048 iubeat,
703 1986 776 2034 cur
804 1960 987 2034 dubitem
1017 1958 1136 2048 mori,

432 2067 644 2165 Amplecti
673 2066 891 2167 imperium
920 2066 1019 2141 dei?
1412 2115 1421 2152 ⁴

326 2225 406 2300 Hic
435 2252 512 2300 nec
540 2226 660 2300 firma
688 2227 803 2325 quies
831 2252 909 2300 nec
938 2224 1097 2301 stabilis
1127 2225 1265 2321 locus;

325 2333 430 2406 Nam
460 2333 577 2407 sedes
606 2333 708 2407 alias
738 2357 933 2431 quaerere
962 2358 1037 2407 nos
1067 2332 1192 2408 decet

324 2440 378 2514 Et
405 2440 618 2539 praecelsa
645 2465 768 2539 super
796 2440 992 2515 scandere
1022 2439 1169 2532 sidera,

432 2547 524 2620 Non
553 2547 708 2621 ambire
737 2546 912 2621 humiles
941 2571 1070 2621 casas.

325 2707 358 2779 E
387 2706 482 2781 Nilo
512 2707 785 2781 Abramidum
814 2707 985 2782 flumine
1013 2705 1180 2781 turbido

323 2813 537 2888 Deductus
566 2814 742 2912 populus
770 2815 937 2889 tra-mite
966 2812 1084 2888 devio

322 2920 404 2994 Per
433 2921 607 3010 deserta,
637 2921 762 2995 maris
792 2947 886 2995 cum
914 2921 1023 2996 vada
1051 2919 1224 2996 transiit

431 3029 484 3102 Et
514 3053 686 3127 campos
715 3028 876 3103 steriles
905 3027 1034 3127 aquis

322 3187 432 3260 Dum
461 3186 588 3262 fessos
618 3195 785 3286 caperet
811 3195 921 3263 terra
948 3185 1160 3261 laboribus

321 3294 452 3369 Lacte
481 3304 523 3368 et
551 3294 674 3369 melle
703 3295 846 3384 fluens
878 3294 998 3392 copia
1026 3292 1154 3368 divite

325 3400 461 3476 Cornu
492 3401 662 3475 delicias
692 3408 915 3499 spargeret,
946 3400 1127 3476 advenas

429 3508 552 3582 Dulci
581 3516 772 3608 pasceret
799 3511 936 3583 ubere.

321 3667 358 3740 N
362 3692 415 3740 011
445 3692 587 3742 omnes
618 3676 759 3743 tamen
787 3669 869 3742 huc
896 3665 1144 3766 perveniunt
1171 3665 1261 3759 viri,

323 3772 448 3864 Quos
479 3775 682 3874 Aegypte,
712 3784 784 3850 tuo
815 3775 981 3850 servitio
1012 3772 1177 3850 eximis:

322 3880 428 3954 Nam
457 3883 592 3980 plures
622 3888 796 3981 pereunt
825 3881 983 3956 difficili
1011 3881 1091 3972 via,

430 3989 654 4063 Promisscs
682 4015 759 4063 nec
789 4014 910 4087 agros
939 3994 1096 4063 tenent.

324 4146 526 4221 Glaebam
556 4148 615 4223 sic
644 4149 770 4223 etiam
799 4149 984 4248 linquere
1012 4172 1088 4223 nos
1117 4147 1248 4242 iuvat,

323 4254 460 4343 Quam
490 4281 601 4328 nunc
629 4255 860 4347 incolimus
891 4254 1057 4331 moenia
1085 4253 1251 4332 fortiter

321 4362 570 4461 Expugnare
600 4363 695 4461 poli,
727 4388 806 4462 quo
835 4361 960 4438 liceat
989 4363 1097 4437 lares

431 4470 518 4543 Hcs
548 4476 709 4545 mutare
737 4471 998 4568 perennibus.
1107 4494 1110 4498 ·
