3164 5154
695 225 900 283 SILVARUM

708 563 879 630 XXVIII.

247 797 375 874 SPES
403 797 636 874 HUMANA
664 796 865 893 FALLIT,
894 797 1083 874 DIVINA
1113 799 1354 878 SERVAT.

261 1026 384 1121 ‚Quid
412 1051 572 1127 sperem
600 1033 673 1101 aut
701 1026 864 1126 cupiam
891 1027 1015 1103 miser
1301 1045 1354 1101 fol.
1373 1046 1428 1101 sr-

366 1135 564 1209 Desertus
592 1133 744 1209 totiens
774 1160 799 1210 a
826 1134 948 1210 sociis
972 1135 1114 1211 meisP<

262 1242 329 1317 Sic
358 1241 566 1316 clamabat
593 1240 797 1315 Acontius

365 1349 597 1448 Deplorans
625 1347 807 1421 lacrimis
836 1355 879 1423 et
905 1348 1064 1448 gemitu
1090 1374 1252 1447 graves
1426 1387 1438 1425 ι

260 1457 504 1546 AerumnaS,
534 1454 678 1553 quibus
707 1454 905 1529 innocens

366 1563 506 1661 Nuper
533 1586 689 1636 mersus
719 1568 808 1636 erat
833 1587 911 1638 nec
940 1563 1092 1662 reperit
1119 1566 1299 1658 vadum,

262 1669 351 1760 Quo
381 1669 511 1744 vitare
540 1668 789 1742 calumniam

366 1775 454 1850 Aut
480 1782 621 1875 posset
648 1775 816 1850 tetricas
845 1776 987 1851 ludere
1015 1777 1207 1854 naenias,

261 1881 370 1972 Quid
398 1883 600 1982 promissa
628 1882 740 1974 fides,
769 1908 885 1957 amor

368 1988 476 2077 Quid
503 1990 624 2063 rebus
654 1988 787 2064 dubiis
821 1989 1060 2088 praestitit?
1088 1989 1187 2065 Heu
1218 1994 1346 2091 gelu!

259 2096 353 2169 Heu
381 2095 510 2194 frigus
541 2094 798 2193 Scythicum!
831 2097 952 2172 Calor

366 2203 459 2278 Non
487 2203 592 2277 ullus
622 2209 805 2303 superat:
834 2203 917 2295 nix,
945 2203 1099 2302 glacies
1127 2203 1255 2302 riget.

260 2308 361 2409 Spes
390 2309 573 2383 humana
600 2309 693 2400 ruit,
722 2309 802 2383 nisi

364 2416 516 2490 Divina
544 2416 742 2490 auxilium
770 2420 968 2515 praebeat
996 2424 1038 2492 et
1062 2441 1255 2507 manum,

257 2524 420 2622 Lapsos
450 2523 631 2599 suaviter
661 2523 833 2622 erigens,

364 2629 553 2704 Firmans
583 2631 800 2727 ambiguos
830 2637 872 2706 et
898 2629 1072 2730 pavidos
1100 2637 1233 2706 metu.

258 2737 315 2814 Ut
342 2736 437 2811 vitis
465 2737 652 2811 tremulis
681 2737 796 2811 humi

363 2844 484 2919 Errat
513 2844 754 2943 palmitibus
784 2869 950 2944 surgere
978 2843 1130 2934 nescia,

258 2950 402 3026 Ulmus
431 2950 627 3025 bracchia
655 2951 833 3039 tendere,

365 3055 456 3144 Quo
486 3083 645 3132 sursum
674 3058 866 3148 emineat,
895 3057 937 3130 ni
967 3057 1098 3132 soleat
1125 3081 1224 3133 sua:

257 3163 343 3238 Niti
372 3166 425 3239 ad
454 3164 589 3238 sidera
617 3164 675 3238 sic
704 3165 848 3263 nequit

364 3269 515 3344 Infelix
545 3271 660 3346 dolor
688 3296 737 3345 ac
766 3271 964 3348 sollicitus
993 3272 1109 3346 labor

256 3376 443 3451 Mortalis
473 3378 647 3474 generia
678 3378 757 3451 nisi

362 3485 593 3583 Lapsurum
623 3485 885 3583 omnipotens
914 3485 1116 3560 sustineat
1145 3485 1268 3564 deus,

255 3591 412 3666 Infirmi
440 3591 614 3664 nimium
644 3616 792 3681 sumna,

362 3699 414 3773 Ni
444 3699 605 3773 caelum
632 3696 798 3797 fragiles
827 3704 1022 3797 protegat
1050 3723 1098 3772 ac
1126 3696 1274 3796 iuvet3

255 3806 493 3905 Numquam
522 3805 723 3879 vincimus
753 3805 890 3893 ardua,

365 3912 498 4001 Quam
527 3912 679 3986 fiducia
708 3938 801 3986 cum
828 3911 1009 3985 numinis
1037 3909 1203 3987 incitat.
