3164 5154
514 262 587 320 LIB.
608 262 648 318 11.
667 265 781 320 11-13.

179 465 372 542 Occultas
400 463 529 539 veluti
558 489 651 539 oum
678 463 843 564 Paphia
870 464 949 538 dea

176 572 396 672 Perspexit
422 571 601 647 latebras
629 570 784 662 Martis,
813 574 862 646 ut
888 570 1041 646 abditis

178 678 368 754 Coniunx
398 677 633 754 admonitus
661 684 803 777 posset
829 677 1058 754 amantium

284 785 414 861 Artus
443 786 643 882 stringere
670 784 858 860 nexibus.

180 945 248 1021 Sic
275 944 430 1021 furtum
459 943 596 1046 patuit
625 942 859 1020 Caelituum
887 945 1026 1037 choro,

178 1052 298 1142 Quod
328 1051 451 1128 oondi
479 1051 660 1128 tenebris
690 1051 950 1128 crediderant
976 1051 1116 1152 nigris.

176 1161 360 1236 Frustra:
388 1159 449 1234 nil
477 1159 616 1235 oculos
644 1157 787 1235 sideris
816 1159 972 1259 effugit,

283 1267 431 1342 Terras
459 1267 608 1342 lustrat
635 1270 678 1341 et
705 1290 893 1365 aequora.

177 1424 244 1502 Ad
273 1432 454 1502 mentem
481 1426 636 1517 redeas,
666 1449 773 1526 pone
802 1424 1008 1519 ferociam,

177 1534 317 1609 Elatos
345 1534 504 1609 animos
535 1532 678 1631 frange
705 1532 920 1623 modestia,

229 1640 419 1716 Funestis
448 1640 597 1715 adhibe
624 1639 740 1716 frena
767 1638 982 1730 furoribus

281 1747 477 1822 Formida
504 1746 717 1822 instabiles
746 1746 845 1821 deos

177 1908 267 1982 Rex
294 1931 471 2007 magnae
500 1907 638 2005 gladio
668 1906 775 1982 eolla
802 1905 1042 1982 Britanniae

178 2014 362 2090 Subieoit
387 2013 543 2114 populi:
572 2013 680 2088 filius
709 2013 864 2089 exeidit

230 2121 410 2222 Sceptris
439 2127 482 2196 et
508 2120 669 2220 trepida
696 2127 815 2221 parta
842 2120 951 2196 salus
978 2118 1088 2220 fuga.

282 2227 490 2329 Exemplis
520 2228 642 2302 eadat
668 2227 732 2302 his
759 2234 906 2302 tumor.

611 2834 709 2899 XIII.

182 3050 360 3128 MOLES
390 3049 659 3130 CORPORIS
688 3053 805 3131 NON
833 3053 1129 3132 lACTANDA.

176 3249 238 3323 Ne
266 3249 463 3348 glorieris,
492 3251 600 3325 mole
630 3251 739 3350 quod
767 3251 922 3327 emines
1147 3267 1197 3322 fol.
1216 3267 1265 3325 23r

175 3355 353 3453 Ingenti,
383 3356 536 3432 Adami
564 3357 781 3457 progenies
809 3363 982 3452 tumens,

229 3460 439 3562 Vastaque
466 3467 639 3565 praebes
667 3464 846 3540 intuenti

283 3570 525 3667 Prodigium
554 3570 688 3670 speeie
717 3573 985 3647 tremendum.

175 3728 394 3804 Praeoelsa
421 3729 548 3804 virtus
577 3730 683 3806 forte
711 3731 927 3821 videbitur,

176 3834 333 3910 Natura
362 3836 395 3910 si
424 3861 545 3934 quem
574 3838 770 3936 grandius
799 3840 969 3916 extulit?

228 3942 289 4017 Ne
318 3942 480 4041 turgide
509 3944 636 4019 iactes
665 3945 850 4043 vigorem

282 4048 368 4123 Aut
395 4050 532 4125 valido
561 4056 634 4126 tua
662 4055 845 4128 membra
874 4079 1008 4145 succe,

176 4205 365 4307 Augusta
394 4209 426 4284 si
456 4209 517 4285 vis
547 4210 734 4287 destituit
762 4238 835 4287 suo

176 4315 334 4391 Ardere
363 4324 545 4392 mentem
573 4343 743 4418 corpore
772 4320 996 4396 conditam:

229 4423 515 4499 Praestantior
543 4450 694 4525 magno
723 4427 893 4524 gigante

281 4530 355 4604 Est
382 4531 548 4630 elephas
576 4533 802 4632 meliorque
830 4536 1034 4611 membris.

1152 4660 1185 4712 μ

1256 4589 1281 4628 18
