3164 5154
502 276 576 332 LIB.
596 275 648 334 IX
667 277 765 333 9-11.

199 478 356 578 Sperne
385 500 582 552 vesanum
611 475 753 576 populi
781 474 960 551 furorem

197 587 252 660 Et
278 593 351 660 tuo
381 590 424 659 te
451 583 577 683 iunge
607 583 696 659 deo.
755 581 896 672 Quid?
924 589 1037 658 astra

199 691 331 782 Quem
360 690 511 783 fovent,
541 690 721 765 mendax
749 688 864 767 fatuo
893 687 1064 767 nocebit

305 799 445 873 Turba
473 801 666 872 susmro?
1230 849 1255 890 u

198 956 402 1057 Improbis
432 960 627 1054 suspecta
655 956 770 1047 fides,
799 956 975 1031 molesta

201 1063 411 1140 Sanctitas
440 1062 552 1138 vitae
581 1062 727 1138 sceleri
755 1064 968 1163 probroso;

201 1170 393 1272 Corporis
422 1170 526 1245 casti
556 1169 746 1270 Cypridis
776 1169 934 1245 cohorti

308 1277 462 1354 Sedula
490 1301 599 1353 ema.

198 1437 303 1514 Vilis
332 1437 512 1513 indoctis
540 1461 643 1536 puer
671 1435 865 1527 eruditus,

198 1543 402 1620 Innocens
430 1543 624 1644 princeps
652 1542 790 1641 gravis
824 1548 888 1617 est
915 1547 1101 1641 tyranne,

200 1651 332 1741 Quem
363 1650 442 1725 sibi
470 1650 598 1725 vellet
625 1649 803 1725 similem
831 1656 1025 1748 protervo

306 1757 487 1834 Crimine
515 1763 672 1833 notum.

199 1927 258 2001 Te
286 1951 428 2026 parem
456 1929 610 2026 praebe
639 1926 830 2024 sophiam
857 1924 1066 2025 professis,

199 2033 298 2109 Sola
327 2033 417 2134 quis
446 2033 574 2108 virtus
603 2032 762 2133 placuit
788 2039 951 2109 remota

197 2141 331 2215 Faoco
360 2140 532 2239 vulgari,
564 2139 732 2240 Superis
761 2139 896 2216 amica

304 2247 436 2322 Duxit
463 2248 669 2322 honestas.

201 2405 363 2482 Civium
392 2407 499 2483 vitat
526 2407 709 2507 trepidos
740 2408 952 2499 tumultus,

199 2512 373 2589 Ambitu
401 2515 515 2590 nullo
543 2515 652 2614 petit
677 2514 891 2615 imperare,

199 2619 391 2719 Quisquis
420 2621 473 2696 ad
502 2623 619 2697 sedes
648 2627 842 2721 properat
869 2624 1024 2711 beatas,

306 2727 479 2827 Spectat
507 2729 738 2828 Olympum.

592 3309 656 3376 XI.

101 3522 324 3599 DIVITAE
352 3523 534 3599 AVARE
562 3524 679 3600 NON
710 3523 1162 3603 ABSCONDENDAE.

198 3734 401 3810 Conditao
430 3760 553 3835 quam
580 3736 695 3811 nulla
722 3735 925 3836 pecuniae
953 3737 1031 3812 vis!
1095 3751 1145 3808 fol.
1165 3754 1236 3810 157¹·

197 3842 304 3919 Usus
334 3842 495 3940 argenti
523 3843 671 3917 mehor
698 3842 828 3918 videri

197 3948 332 4039 Quam
361 3950 447 4048 tegi
474 3950 605 4047 nigris
635 3950 827 4042 tenebris,
858 3974 988 4049 opaco

304 4055 479 4132 Carcero
509 4056 656 4132 claudi.

195 4215 386 4315 Fingitur
412 4242 605 4291 nummus
634 4217 770 4316 specie
797 4217 987 4315 rotunda,

197 4323 330 4398 Possit
357 4330 404 4399 ut
432 4327 573 4399 crebro
603 4323 794 4400 manibus
822 4324 994 4400 revolvi:

197 4429 276 4520 Qui
303 4431 418 4522 latet,
448 4434 593 4507 tumba
620 4431 748 4506 veluti
777 4433 953 4507 cadaver

304 4537 502 4616 Sordidus
531 4539 685 4615 haeret.
