3164 5154
539 240 749 300 ommuni
779 238 854 297 Lm.
872 237 927 295 111.
955 239 1071 296 29-30.

309 444 391 519 Hic
420 447 571 518 cuncta
598 440 708 516 solus
735 438 900 516 vincere
926 435 1129 539 pertinax,

311 549 497 626 Obscura
523 546 658 635 noctis
685 545 828 623 nubila
856 544 1038 635 discutit,
1095 606 1097 611 .

364 655 497 756 Supra
523 679 723 733 cacumen
750 651 882 751 surgit
908 674 1030 728 omne

417 761 556 860 Atque
585 759 707 836 avido
735 758 840 835 bibit
869 782 939 835 cre
966 759 1121 833 nectar.

310 922 415 1014 Huc,
442 920 523 995 huc
551 920 725 1012 labores,
754 918 836 994 huc
864 917 1046 992 studium
1072 913 1196 992 refer:

310 1026 516 1102 Exscinde
543 1050 699 1126 vepres,
729 1023 863 1100 insere
892 1023 1074 1098 surculos

363 1132 552 1225 Virtutis,
581 1130 905 1207 immortalitatis

416 1237 634 1314 Fluctibus
661 1242 709 1312 ut
734 1236 894 1337 potiare
922 1235 1066 1311 laetus

302 1748 508 1828 ULTIMA
535 1746 766 1826 HOMINIS
794 1744 1061 1824 MORITURI
1088 1743 1280 1822 VERBA.

733 1956 854 2024 XXX.

312 2154 408 2232 Vixi
437 2162 490 2248 et,
520 2179 642 2253 quem
666 2154 836 2229 dederat
855 2178 953 2246 sors,
983 2152 1099 2228 tenui
1117 2151 1272 2228 locum:
1300 2175 1349 2231 fol.
1358 2176 1403 2232 41¹-

312 2263 423 2337 Mors
450 2266 592 2336 nostro
622 2260 747 2360 capiti
775 2260 931 2359 pallida
958 2259 1042 2335 iam
1069 2258 1271 2341 imminet.

312 2367 450 2442 Terris
479 2366 625 2442 cedere
654 2392 845 2467 suprema
871 2366 1098 2443 necessitas

314 2473 450 2573 Cogit,
478 2473 662 2572 linquere
692 2471 862 2549 confusa
888 2473 1070 2572 negotia,

312 2580 456 2655 Falsas
482 2580 718 2669 blanditias,
747 2580 883 2655 tristia
910 2579 1073 2677 gaudia.

313 2686 407 2761 Non
433 2686 587 2762 invitus
615 2687 781 2761 humum
808 2686 950 2763 desero
978 2685 1180 2765 lubricam

313 2794 366 2867 Et
393 2818 531 2892 penna
559 2793 681 2868 celeri
710 2793 844 2867 sidera
870 2794 1093 2886 transvola

312 2899 372 2977 Ut
399 2899 508 2976 Solis
535 2900 662 2974 radiis
689 2905 887 2999 perpetuo
916 2897 1029 2976 fruar-

313 3005 591 3104 Adfigamque
620 3006 774 3099 oculos,
803 3012 851 3081 ut
878 3005 987 3082 Iovis
1016 3006 1205 3107 armiger,

313 3111 399 3186 Nec
426 3113 602 3211 posthac
631 3111 732 3188 alias
761 3111 930 3188 delicias
958 3119 1111 3213 petam.

314 3215 348 3292 Ο
378 3217 447 3316 qui
476 3243 595 3294 sacra
622 3218 782 3294 animos
809 3219 971 3296 laetitia
998 3219 1160 3313 imbuis,

314 3322 494 3400 Caelesti
522 3350 682 3401 recreas
710 3332 881 3425 pectora
908 3351 1086 3420 munere,

314 3428 507 3505 Obscuris
535 3431 781 3532 populorum
810 3431 921 3532 eripe
949 3432 1127 3510 nubibus

313 3536 367 3610 Et
393 3533 546 3611 sessum
574 3538 767 3614 aetheriis
797 3538 961 3615 sedibus
990 3539 1132 3640 excipe

312 3641 399 3719 Nec
429 3643 524 3717 duci
551 3643 736 3721 instabili
764 3645 929 3724 tramite
957 3671 1024 3720 me
1053 3644 1152 3722 sine.

311 3746 436 3841 Vivit,
463 3774 548 3825 non
575 3751 756 3844 moritur,
785 3777 907 3851 quem
935 3757 1008 3827 tua
1034 3751 1167 3851 gloria
1394 3799 1416 3841 ,ς

317 3851 542 3948 Sustentat,
573 3856 738 3957 Stygias
767 3883 844 3934 nec
872 3858 1021 3935 metuit
1047 3859 1193 3935 minas.
