3164 5154
575 249 649 303 LIB.
668 248 721 303 III.
739 248 857 306 23-25.

178 448 313 524 Annis
342 448 531 523 incubuit
559 447 648 522 solo

284 557 371 630 Nec
401 554 513 630 sidus
540 552 696 654 liquido
723 553 814 628 risit
842 558 893 630 ab
924 554 1101 629 aethere.

178 663 313 763 Saepe
341 662 500 737 atrocia
526 660 702 736 fulmina

284 770 551 845 Prostravere
580 769 729 843 ducum
759 769 869 843 celsa
896 767 1053 867 palatia
1326 801 1339 840 1

178 877 489 975 Ventorumque
517 875 764 975 protervitas

285 983 418 1059 Movit
443 1008 529 1058 non
557 982 690 1057 solitis
718 981 883 1056 flatibus
913 1005 1104 1081 aequora.

179 1089 289 1180 Quid
316 1115 477 1189 sperem
505 1096 578 1165 aut
604 1097 799 1179 metuam,
829 1089 991 1180 haereo,

283 1198 395 1272 Dum
424 1197 584 1273 caelum
612 1195 786 1271 assiduis
816 1194 972 1295 depluit
999 1193 1209 1286 imbribus,
1313 1228 1338 1268 11

178 1304 403 1403 Consurgit
431 1328 543 1378 mare
571 1303 781 1378 fluctibus:

283 1411 352 1486 An
380 1418 511 1487 terras
540 1410 689 1485 iterum
718 1409 915 1485 diluvium
944 1414 1115 1508 premet,

176 1519 322 1593 Prisco
353 1527 400 1593 ut
427 1526 615 1617 tempore
645 1517 830 1613 contigit,

284 1627 394 1698 Dum
424 1626 494 1699 vix
522 1631 614 1700 tuta
641 1624 721 1699 fuit
747 1624 908 1722 Pyrrha
936 1621 1150 1698 cacumine
1312 1653 1338 1693 11

178 1731 316 1830 Atque
345 1732 439 1807 altis
467 1756 682 1807 nemorum
712 1730 843 1829 iugis?

284 1839 447 1913 Erravit
474 1838 612 1937 pelagi
641 1838 763 1913 belua
789 1837 999 1913 montibus

178 1949 230 2021 Et
256 1945 399 2022 Protei
426 1945 639 2020 madidum
666 1969 792 2045 pecus

283 2054 316 2126 E
345 2059 473 2152 ponto
504 2053 633 2127 aereis
663 2052 890 2151 quercubus
919 2048 1084 2125 institit:
1311 2081 1337 2120 1ο

178 2160 258 2235 Ast
286 2166 484 2249 armenta,
515 2159 654 2234 ovium
680 2184 828 2258 greges

287 2265 488 2366 Absorpti
515 2266 673 2341 tumido
702 2265 865 2365 gurgite
892 2263 1024 2339 Nerei.

177 2374 367 2448 Tandem
395 2373 537 2449 nubila
566 2373 736 2464 discute,

284 2481 393 2569 Visa,
423 2505 572 2579 magne
601 2481 770 2569 Parens,
800 2478 925 2553 redde
955 2477 1064 2552 diem
1094 2475 1214 2550 Iride.
1310 2508 1337 2546 24

656 2973 771 3038 XXV.

348 3153 512 3230 VITAE
540 3153 597 3229 IN
626 3152 777 3230 PEIUS
806 3152 1064 3230 MUTATIO.

180 3349 315 3438 Quam
343 3348 545 3424 iucundus
575 3372 664 3422 eras
693 3374 804 3446 puer,
1197 3359 1323 3418 10199-

286 3454 390 3531 Cum
418 3455 561 3554 primis
591 3456 735 3530 studiis
766 3455 917 3531 Uranie
946 3455 1095 3530 imbuit

178 3564 231 3637 Et
259 3563 451 3637 Phoebus
481 3563 682 3639 citharam
712 3563 835 3653 dedit,

288 3669 378 3760 Qua
406 3670 604 3745 blandum
631 3669 790 3768 patriae
821 3670 1058 3743 concineres
1086 3668 1225 3761 melos,
1322 3704 1336 3741 4

177 3777 227 3850 In
255 3783 406 3851 terram
435 3778 616 3852 traheres
646 3775 744 3850 11999

285 3884 437 3958 Mentis
467 3883 636 3972 laetitia,
667 3882 849 3957 moribus
878 3883 1068 3980 integris!

179 3989 312 4065 Soena
339 3997 386 4064 ut
412 4014 531 4063 versa
558 3988 787 4065 celerrime!

286 4096 457 4171 Eiurata
484 4096 586 4170 fides
614 4103 815 4195 ruptaque
844 4094 1023 4170 foedera.
1322 4129 1335 4167 a

176 4204 403 4302 Postquam
432 4203 641 4302 virgineus
669 4207 793 4278 rubor

285 4310 502 4385 Abscessit
527 4311 660 4384 niveis
689 4318 732 4385 et
758 4310 942 4410 probitas
970 4309 1099 4407 genis,

177 4418 385 4492 Paulatim
414 4417 568 4493 Idalius
597 4418 709 4492 furor

285 4523 493 4600 Accendit
519 4524 675 4599 facibus
704 4531 849 4624 pectus
878 4533 921 4599 et
948 4523 1103 4598 Euhius
1309 4557 1334 4596 ιε
