3164 5154
672 223 747 281 LIB.
765 221 790 278 1.
808 224 889 282 2-4.

219 426 316 502 Non
343 424 487 502 audita
512 423 715 525 prioribus

325 530 486 608 Nostris
513 529 767 632 temporibus
796 528 1072 629 conspicimus
1099 529 1221 621 mala,

221 639 337 731 Quae
365 638 441 714 diri
469 637 604 714 rabies
633 637 748 713 ducis

324 745 541 846 Designat,
570 744 668 820 dum
696 742 831 846 aperit
858 741 1042 819 clavibus
1070 740 1205 817 aureis
1353 772 1379 814 a

219 852 370 929 Firmis
399 851 554 953 oppida
580 850 795 928 moenibus

324 958 464 1058 Atque
492 983 608 1035 arces
634 957 792 1035 validas
819 956 901 1033 hcc
930 956 1064 1056 quatit
1091 956 1230 1034 ariete.

220 1065 468 1143 Sternuntur
495 1065 630 1141 subito
660 1065 760 1158 6616,

327 1172 443 1264 Quae
470 1197 554 1248 non
582 1172 810 1247 debuerant
838 1170 984 1245 cedere
1015 1169 1230 1246 machinis.
1354 1201 1379 1242 11

221 1278 330 1370 Quid
356 1305 443 1356 non
469 1284 607 1355 tentat
633 1303 759 1356 avara
785 1277 852 1353 vel

324 1385 492 1462 Invadit
517 1410 673 1474 manus,
701 1390 749 1460 ut
773 1384 906 1461 ferrea
931 1390 1096 1482 turgeat

217 1493 377 1569 Fallaoi
404 1517 501 1570 arca
527 1492 731 1593 pecunia?

326 1599 539 1676 Effrenata
564 1599 647 1675 ruit
671 1624 747 1700 per
772 1597 946 1674 vetitum
974 1597 1102 1691 nefas,

218 1707 301 1783 Per
327 1705 504 1798 fraudes,
534 1705 693 1782 6661616
720 1711 763 1782 61
791 1706 918 1782 dolos.

326 1811 409 1888 Sed
432 1838 526 1888 oum
553 1812 674 1913 nigra
690 1811 798 1890 fores
826 1837 936 1888 mors
954 1811 1059 1913 pede
1077 1810 1257 1911 fregerit,

219 1918 289 1995 An
317 1919 532 2019 quisquam
560 1919 756 1996 auxilium
783 1918 912 1995 feret?

327 2025 454 2102 Artus
482 2025 685 2103 indomita
714 2026 883 2127 cuspide
910 2032 1111 2127 proteret:

220 2134 280 2208 To
308 2134 464 2208 nudum
493 2139 536 2209 61
562 2133 757 2233 pavidum
784 2139 874 2209 rate

325 2239 462 2317 Parva
487 2247 615 2316 nauta
641 2241 766 2316 vehet
792 2265 867 2341 per
892 2239 1066 2315 tacitum
1092 2239 1237 2316 lacum.

218 2347 317 2422 Mox
344 2346 575 2422 crudelibus
602 2346 732 2424 incita

326 2453 486 2553 Flagris
514 2453 740 2554 Tisiphone
768 2453 974 2555 percutiet
1000 2453 1123 2548 latus;

219 2558 405 2659 Adfliget
432 2560 582 2636 misera
609 2560 730 2655 fame,

327 2665 459 2757 Quem
486 2691 712 2767 numquam
730 2670 924 2768 poterant
948 2665 1149 2742 exsatiare
1170 2690 1286 2766 opes:

218 2774 403 2849 Heredes
432 2774 542 2850 avidi
569 2774 735 2850 interim

327 2881 526 2957 Nummos
555 2881 749 2982 diripient
775 2880 1036 2955 immemores
1063 2878 1133 2954 tui

722 3376 781 3443 IV.

405 3571 861 3652 PULCHRITUDINIS
898 3572 1105 3650 DAMNA.

123 3749 281 3842 Quanta
299 3748 409 3850 paris
428 3748 547 3825 nobis
567 3749 769 3842 incendia,
790 3748 1053 3850 pulchritudo
1074 3747 1220 3824 fallax!
1248 3763 1298 3818 fol.
1318 3764 1371 3820 63¹·

219 3854 335 3946 Quae
363 3857 449 3930 tela
476 3855 647 3957 spargis,
678 3881 779 3957 quos
809 3856 891 3931 cies
918 3855 1143 3930 tumultus?

123 3962 316 4040 lientibus
345 3963 549 4038 excutitur
575 3989 657 4064 pax
685 3964 873 4056 candida,
904 3963 1164 4038 concitantur
1190 3963 1326 4038 undae

214 4070 270 4146 Et
295 4069 486 4147 horridae
515 4069 669 4146 circum
696 4069 877 4146 fremunt
904 4069 1121 4171 procellae.

123 4176 244 4254 [11616
272 4175 415 4276 iugum
442 4176 592 4254 misero
622 4178 731 4255 collo
760 4178 877 4254 sedet
904 4203 954 4254 ac
981 4175 1231 4253 necessitate

218 4282 451 4360 Constricta
478 4285 645 4385 plorant
671 4287 858 4360 membra
885 4285 1136 4361 servitutem.

123 4388 342 4490 lmbiguos
372 4391 514 4467 oculos
548 4392 644 4466 dum
681 4390 858 4468 fascinat
886 4416 997 4467 orror
1029 4398 1153 4491 atque
1181 4388 1338 4464 vultum

215 4496 320 4572 Miro
348 4497 527 4598 figurant
554 4497 713 4598 gratiae
742 4498 947 4591 1166611166,
