3164 5154
535 225 610 283 ΗΒ.
630 225 685 284 IIL
703 227 783 284 2-4.

177 423 284 515 Quid
304 447 401 499 cara
419 424 629 523 quondam
651 449 727 500 nos
753 425 901 501 mulier
921 425 1031 527 rapit

175 530 304 608 Vultu
331 535 519 624 venusto,
550 556 645 606 cum
672 531 800 607 liceat
828 531 938 608 diem

229 636 460 712 Iucundum
489 636 654 737 Olympi
683 637 870 714 contueri

280 743 335 818 Et
360 742 527 818 radians
556 743 645 818 sine
671 747 781 820 nube
808 745 975 820 lumen?
1259 799 1284 839 u

176 900 321 977 Odisse
348 907 478 977 terras
506 901 591 978 iam
618 902 757 994 libeat,
787 904 888 980 deus

175 1007 264 1083 Imo
293 1008 452 1084 relucet
477 1015 647 1109 pectore
676 1010 876 1087 conditus.

227 1116 304 1190 Est
331 1114 479 1190 semite
507 1116 561 1191 ad
589 1122 749 1192 secreta
777 1117 882 1193 caeli

279 1221 477 1297 Proxima
504 1221 731 1298 deseruisse
759 1228 964 1299 caenum.‘
1256 1275 1283 1316 20

575 1539 734 1550 ——n

628 1817 685 1888 IV.

115 2032 189 2109 AD
218 2032 576 2111 TRIBENNIUM:
606 2032 879 2112 IUVENTUS
906 2033 1192 2113 PRAECEPS.

171 2245 335 2321 Matura
361 2245 547 2320 nondum
576 2245 758 2321 consiliis
786 2253 859 2322 tua
1140 2260 1190 2317 fol.
1210 2264 1266 2318 rev·

171 2351 312 2442 Aetas,
341 2352 549 2444 Tribenni‚
578 2355 701 2427 rebus
730 2360 772 2427 et
799 2352 935 2427 arduis

222 2457 522 2550 Diiudicandis,
553 2483 660 2559 quae
686 2465 908 2558 reposcunt

276 2564 417 2640 Mente
444 2564 561 2664 gravi
590 2571 716 2666 atque
744 2565 882 2640 animo
911 2572 1113 2640 senatum.
1263 2622 1277 2661 ⁴

168 2722 286 2799 Motu
314 2722 504 2799 iuventus
531 2723 749 2824 praecipiti
777 2724 886 2799 calet

168 2825 232 2902 Ac
259 2829 417 2905 lubrico
445 2830 533 2929 igni
561 2855 685 2931 saepe
714 2829 927 2930 cupidinis,

221 2934 259 3009 N
262 2960 284 3009 e
311 2960 410 3012 vera
438 2943 581 3012 cernat
607 2937 673 3011 vel
700 2936 907 3011 ministret

274 3039 489 3117 Auxilium
516 3043 675 3143 patriae
703 3042 849 3118 ruenti.

167 3200 348 3275 Tantum
375 3201 504 3277 libido
534 3201 649 3278 ducit
677 3207 719 3277 et
746 3200 912 3278 intimas

167 3305 306 3382 Venas
334 3308 491 3408 perurit
517 3307 675 3408 proelia
702 3308 892 3407 pertinax

221 3413 395 3489 Miscere
424 3420 466 3489 et
493 3414 673 3489 insanire
702 3414 831 3504 clade,

272 3520 330 3598 Ut
355 3544 507 3596 vacuas
535 3521 760 3620 locupletet
787 3521 921 3611 aedes,

168 3676 288 3752 Caesi
317 3679 382 3755 vel
410 3680 542 3756 hostis
571 3680 733 3780 sculpat
760 3681 955 3756 adoream

165 3783 292 3860 Scuto
320 3787 489 3879 recenti,
518 3794 763 3887 perpetuum
793 3787 915 3862 decus

219 3887 365 3991 Stirpis
393 3899 593 3984 vetustae,
624 3918 749 3993 quam
779 3893 996 3969 cadentem

270 3997 447 4074 Nomine
474 3999 675 4075 nobiliore
703 3998 834 4075 fulcit.

162 4154 256 4229 Non
285 4158 412 4234 stulta
439 4159 574 4259 proles
601 4160 682 4235 hoc
712 4157 890 4255 Solymis
920 4158 1044 4235 docet

162 4261 289 4360 Regis
316 4265 449 4364 periti,
479 4266 652 4366 provida
680 4266 750 4366 qui
778 4291 923 4341 senum

215 4370 414 4446 Mandata
442 4373 605 4472 sprevit,
642 4373 715 4448 sed
741 4373 908 4474 procaci

267 4477 450 4553 Arbitrio
478 4479 673 4554 iuvenum
701 4480 910 4556 revinctus
