3164 5154
167 259 232 321 244
708 249 913 306 sumnum
1039 338 1042 345 Ι

272 449 331 527 Ut
356 448 417 523 nil
445 448 624 541 omittas,
652 447 758 524 ratio
788 449 899 547 quod
926 449 1082 542 suadet
1109 449 1222 524 nihil

381 554 501 646 Quod
528 555 602 632 illa
629 555 849 647 dissuadet,
879 580 1011 655 geras.

273 660 354 738 Ast
381 662 522 738 omnia
548 686 702 762 anceps
729 660 878 738 miscet
904 687 955 739 ac
982 663 1126 739 turbat
1154 663 1288 739 calor.

379 769 577 845 Delibera
603 768 701 844 hinc
730 767 869 844 animo
898 769 980 861 diu,

273 875 368 954 Tibi
396 876 494 975 quid
523 876 746 976 agendum:
775 881 900 952 necta
929 875 1103 953 consilio
1131 901 1312 970 moram,
1350 877 1353 880 ’

381 982 464 1058 Res
493 982 589 1057 inde
618 982 836 1058 confestim
866 983 1024 1083 expedi.

779 1634 838 1700 VI.

193 1847 401 1925 MARTIA
429 1847 574 1925 TUBA
601 1847 888 1925 PHOEBEAE
918 1847 1203 1926 CONVENIT
1232 1853 1413 1930 LYRAE.

274 2060 412 2152 Quam
431 2059 608 2135 Martiae
628 2063 753 2137 tubae
772 2064 879 2136 bene
898 2061 1112 2137 Aonidum
1133 2064 1280 2164 chelys
1294 2079 1345 2135 fol.
1362 2081 1423 2136 108¹*

380 2168 434 2241 Et
461 2167 616 2243 blanda
644 2168 838 2243 convenit
865 2168 969 2266 lyra!

273 2272 425 2374 Apollo
454 2274 691 2373 pharetram
720 2275 849 2350 latero
877 2275 1105 2376 suspendit,
1134 2302 1287 2354 manus

379 2381 491 2455 Dum
519 2381 680 2480 plectra
706 2387 847 2480 gestat
874 2382 1016 2458 altera.

272 2488 347 2562 Est
374 2488 515 2586 palma
541 2487 647 2562 veris
676 2487 809 2586 gloria
837 2495 879 2564 et
905 2490 1044 2564 laurus
1073 2513 1257 2590 quoque;

379 2594 447 2668 Ira
473 2594 586 2669 haud
612 2593 864 2694 propinquat
890 2596 971 2670 huc
999 2595 1128 2672 Iovis:

273 2698 416 2775 Alium
444 2700 649 2775 timendos
678 2707 844 2800 torquet
871 2701 988 2800 ignes
1016 2702 1060 2776 in
1087 2703 1228 2778 locum

380 2805 444 2881 Ac
472 2808 561 2881 dira
590 2807 749 2907 spargit
775 2808 960 2884 fulmina.

272 2914 449 2990 Lasciva
476 2913 600 2988 molle
630 2913 789 2990 deferat
817 2939 984 2990 carmen
1012 2915 1164 2991 cohors

381 3022 431 3095 Et
457 3026 603 3095 natum
632 3021 777 3095 adoret
804 3021 1012 3121 Cypridis:

273 3127 460 3202 Thorace
487 3127 628 3202 Pallas
656 3126 789 3226 fulget
816 3153 865 3203 ao
894 3129 1085 3228 clypeum
1113 3128 1225 3229 gerit

379 3235 433 3308 Et
460 3233 597 3309 vibrat
624 3235 787 3309 hastam
816 3234 1021 3311 bellicam.

274 3341 380 3417 Sunt
408 3347 528 3415 antra
555 3340 725 3416 Cirrhae
754 3339 908 3416 fractus
936 3366 1143 3417 armorum
1173 3366 1299 3418 sonus

379 3449 433 3522 Et
459 3447 616 3521 Pindus
645 3448 749 3523 echo
778 3448 935 3548 proelii.

273 3554 432 3629 Tenaci
460 3552 623 3628 Achiva
652 3555 777 3629 dente
806 3580 907 3653 gens
936 3553 1083 3630 fundat
1109 3562 1223 3631 rates

380 3659 449 3734 Ad
476 3660 651 3759 Phrygii
678 3661 855 3736 harenas
883 3661 1032 3754 litoris3

273 3766 430 3841 Priami
459 3769 635 3867 superba
662 3767 779 3865 regia
806 3768 850 3842 in
877 3768 1066 3844 flammas
1096 3775 1165 3843 eat

380 3875 434 3948 Et
461 3874 649 3948 deleatur
675 3874 822 3948 Ilium:

273 3978 409 4054 Astris
438 3980 633 4078 Pelasgus
663 3980 817 4055 inseret
845 4005 1001 4078 cygnus
1031 3989 1168 4081 caput,

380 4085 590 4162 Victoriae
620 4087 792 4162 extollet
820 4088 957 4161 decus.
1111 4155 1118 4165 .

272 4193 391 4267 Bella
418 4193 657 4291 peregrinus
687 4200 853 4268 moveat
878 4193 1058 4286 Aeneas,
1087 4218 1214 4269 nurus

381 4299 493 4373 Telis
522 4299 695 4376 Latinos
724 4306 888 4390 terreat,

273 4405 456 4480 Tiberim
486 4414 684 4499 cruentet,
716 4408 923 4485 aemulum
953 4406 1119 4482 occidat
1147 4407 1295 4482 ducem

380 4512 583 4588 Pallantis
612 4515 722 4589 ultus
751 4512 1014 4613 sanguinem:
