3164 5154
577 303 607 313 —
644 271 765 327 XXVII
804 303 838 314 -

192 451 236 516 In
260 451 373 516 einem
397 474 442 516 an
464 451 598 517 Adrien
620 451 775 517 Holzner
806 451 1024 536 gerichteten
1047 451 1164 517 Bn'efe
1188 459 1318 517 {iusseri

84 541 160 607 sich
183 541 452 623 Rettenbecher,
476 540 592 626 gleich
615 540 767 606 entfernt
788 562 858 607 von
873 541 1240 626 eitlerUeberhebung
1254 541 1318 606 vvie

84 652 156 696 von
165 629 1320 716 verbchtlicherKriecberei,gegenseineNeiderundVerleumder

84 720 178 785 also:
205 719 305 785 »Mea
327 742 383 785 me
405 719 534 784 virtute
556 719 700 787 involvo
724 719 912 807 inanesque
935 741 1090 786 susurros
1113 721 1217 785 surde
1239 741 1319 784 aure

83 809 286 875 transmitto
310 816 346 873 et
369 815 572 890 contemno,
605 829 677 873 non
710 809 798 873 enim
826 809 933 895 digni,
968 809 1172 894 quibuscum
1194 810 1318 895 pedem

85 898 272 964 conferam.
318 898 397 964 Non
433 919 488 962 me
520 897 683 982 laudabo,
707 899 768 963 sed
792 898 920 963 veritas
949 898 1097 965 dicende
1119 906 1181 963 est.
1230 899 1318 963 Cum

82 987 193 1070 Italis,
228 987 340 1053 Gallis
374 987 657 1071 diversarumque
688 986 870 1072 regionum
894 987 1075 1053 Germanis
1106 987 1320 1053 familiariter

83 1083 121 1142 et
143 1076 255 1142 amice
275 1077 358 1160 vixi,
381 1077 496 1141 nullus
519 1099 540 1141 a
561 1099 617 1141 me
633 1075 700 1140 nisi
723 1077 852 1142 invitus
869 1076 1038 1142 discessit
1062 1077 1135 1142 Nec
1152 1077 1194 1142 de
1217 1077 1318 1163 plebe

84 1172 146 1231 eut
168 1165 329 1252 vulgares
366 1166 497 1232 amicos
531 1165 648 1250 selegi,
683 1165 887 1231 nobilissimi
920 1188 957 1231 se
988 1165 1075 1231 mihi
1106 1188 1168 1231 sua
1195 1173 1318 1251 sponte

83 1255 279 1321 iunxerunt.
304 1255 399 1320 Nulli
423 1256 585 1321 dedecori
617 1253 678 1336 fui,
712 1255 798 1320 nulli
829 1255 1077 1341 impedimento
1110 1257 1155 1320 ad
1177 1256 1317 1321 maiora.

85 1344 178 1422 Quin
202 1345 245 1409 ad
268 1344 432 1409 virtutem
456 1346 630 1429 decusque
663 1365 799 1430 semper
826 1344 1025 1410 exhortatus
1059 1366 1145 1428 sum,
1178 1345 1318 1430 quibus-

85 1455 166 1498 cum
179 1433 394 1498 familiariter
418 1434 484 1520 egi.
507 1434 738 1497 Recenserem
760 1434 934 1519 plurimos,
958 1434 1083 1519 quibus
1104 1435 1317 1500 consuetudo

82 1544 164 1588 mea
184 1522 326 1609 profuit,
350 1523 417 1587 nisi
441 1523 662 1588 ambitiosum
684 1527 807 1587 foret«

192 1648 282 1712 Dass
305 1646 518 1712 namentlioh
543 1646 603 1711 der
617 1646 765 1711 Dichter
787 1647 857 1711 den
872 1647 959 1712 Neid
975 1646 1072 1711 nicht
1094 1669 1137 1711 zu
1160 1646 1319 1713 fdrchten

83 1735 243 1819 breucht,
267 1745 347 1823 sagt
370 1758 435 1801 uns
457 1736 717 1802 Rettenbacber
738 1737 775 1801 in
799 1736 868 1801 den
890 1737 1042 1802 Versen:

301 1880 367 1958 Qui
389 1879 479 1943 bibit
501 1900 616 1943 sacras
639 1878 818 1944 Heliconis
843 1880 962 1962 undas,

300 1968 460 2033 Suaviter
482 1967 598 2053 pulset
620 1967 837 2055 Rhodopaea
859 1968 929 2044 fila,

301 2059 411 2136 Quem
434 2057 534 2121 fovet
555 2057 726 2138 Phoebus,
752 2057 879 2122 celebri
903 2057 1046 2122 Sorores

405 2145 554 2211 Nomine
579 2147 729 2213 donant:

300 2271 379 2335 Non
403 2270 505 2334 timet
527 2269 667 2354 nigrum
689 2269 843 2333 invidiae
867 2289 1038 2333 venenum

299 2361 356 2441 Et,
379 2359 463 2422 licet
488 2359 608 2423 dentes
633 2366 735 2423 acuat
757 2358 940 2443 malignos,

301 2448 440 2514 Gloriae
464 2454 584 2513 tantae
606 2446 785 2512 malesane
807 2447 920 2511 nescit

407 2537 465 2602 Ira
487 2557 623 2602 nocere.

299 2657 384 2723 Tela
407 2657 434 2722 si
459 2665 597 2742 promet
619 2657 744 2722 levitas
767 2658 887 2742 inique

300 2746 412 2812 Sortis
436 2747 586 2830 audacis,
613 2745 775 2833 clypeum
797 2753 903 2832 poete

302 2835 451 2901 Comen
474 2836 630 2923 opponit,
655 2857 833 2901 nemorum
855 2833 998 2900 remotis

408 2925 517 2990 Tutus
541 2926 578 2990 in
600 2925 742 2992 umbris.

193 3048 236 3114 In
263 3048 324 3113 der
354 3050 645 3135 Ueberzeugung,
682 3049 761 3114 dass
793 3050 854 3113 der
878 3048 990 3113 Glenz
1020 3046 1133 3112 seines
1166 3045 1318 3110 Ruhmes

83 3143 176 3204 trote
210 3137 506 3224 scheelsiichtiger
529 3137 718 3202 Menschen
751 3138 851 3202 nicht
883 3136 1061 3202 erldschen
1093 3136 1216 3219 werde,
1248 3133 1320 3200 ruit

84 3227 345 3293 Rettenbecber
367 3228 403 3293 in
425 3228 621 3313 Ergebung
643 3229 714 3292 und
738 3227 839 3292 Ruhe
864 3248 943 3291 aus:

301 3351 462 3437 Spargat,
486 3374 575 3436 quae
598 3351 735 3438 poterit,
760 3350 892 3436 spicula
914 3349 1020 3431 livor;
1045 3348 1128 3414 hinc

302 3441 414 3506 Maior
427 3463 572 3528 ¹,semper
595 3441 661 3505 erit
682 3441 796 3527 glorie
822 3461 925 3525 quam
949 3438 1056 3505 dolor.

346 3530 510 3615 Sculptor
532 3551 704 3595 marmora
727 3530 876 3594 tundens

390 3619 460 3683 Dat
482 3618 612 3685 famam
636 3626 672 3683 et
693 3619 817 3683 tribuit
839 3619 954 3682 decus.

193 3740 247 3807 Im
268 3741 376 3808 Jehre
402 3730 488 3841 ¹l⁶9
514 3744 658 3808 verliess
681 3745 720 3809 P.
747 3743 867 3810 Simon
891 3740 1061 3807 ebermals
1085 3739 1139 3804 die
1163 3739 1320 3804 Kloster-
1418 3737 1431 3761 ³

85 3851 240 3911 meuern,
272 3853 331 3896 um
364 3832 415 3897 als
437 3832 577 3898 Pfarrer
610 3853 681 3897 von
705 3831 973 3898 Fischlhem
1005 3831 1066 3894 das
1099 3828 1172 3892 ihm
1197 3848 1320 3893 enver-

86 3926 202 3984 traute
216 3919 310 3985 Vollr
335 3921 443 3986 durch
457 3921 559 3987 Wort
581 3923 652 3987 und
668 3921 822 4008 Beispiel
846 3920 909 3985 auf
929 3920 997 3984 den
1010 3919 1103 4001 Weg
1127 3916 1187 3980 des
1201 3915 1320 3981 Heiles

85 4031 130 4075 zu
152 4007 287 4074 fdhren.
325 4009 585 4076 Rsttenbacher
608 4033 679 4076 wer
701 4012 738 4076 in
762 4011 822 4075 der
845 4009 1027 4093 Seelsorge
1050 4006 1173 4071 rastlos
1197 4005 1320 4090 thatig.

85 4097 172 4163 Dies
203 4098 383 4184 bezeugen
414 4101 499 4165 zwei
531 4099 727 4187 vollgiltige
750 4099 906 4166 Menner,
953 4099 1025 4162 Der
1047 4094 1229 4160 Verfasscr
1262 4094 1321 4158 des

86 4186 320 4253 Rotelbriefes
344 4187 514 4253 schreibt:
550 4189 608 4254 »R
634 4190 754 4255 Simon
787 4188 942 4253 fidelium
973 4183 1321 4251 Vischlhaimensium

87 4283 161 4340 erat
183 4276 415 4343 zelosissimus
438 4279 620 4363 parochus,
654 4279 712 4362 qui
736 4277 822 4342 nihil
855 4276 1028 4360 antiquius
1052 4273 1183 4354 hebuit,
1218 4293 1320 4356 quem

86 4366 307 4451 parochianis
330 4367 422 4431 viam
447 4368 489 4431 ad
514 4368 647 4432 caelum
670 4367 925 4452 praecurrendo
951 4363 1164 4430 ostendere«.
1211 4359 1321 4425 Pech-

86 4477 186 4541 meyr
208 4455 352 4521 urtheilt
366 4456 452 4522 iiber
475 4457 542 4522 den
558 4456 695 4521 Pfarrer
710 4456 969 4521 Rettenbacher
984 4453 1319 4539 folgendermassen:
