3164 5154
554 276 627 329 LIB.
646 275 698 329 XI.
717 276 815 331 8-10.

255 474 402 549 Servat
429 475 538 547 hunc
568 480 717 548 natura
744 475 924 561 modum,
954 500 1033 549 nec
1062 474 1179 573 ignes

252 581 461 655 Deserunt
488 580 590 654 fines
619 605 696 655 nec
725 604 857 680 aquae
886 587 1084 656 statutos:

251 687 372 762 Aeoli
402 712 541 762 servos
570 687 670 761 licet
697 686 951 786 impotentes

359 795 476 868 Iussa
505 800 709 869 coercent.

252 954 331 1026 Ast
360 954 482 1029 homo
512 954 622 1028 solus
650 954 758 1051 fugit
782 954 996 1053 imperata,

253 1060 330 1149 Qui
361 1085 433 1135 suo
463 1061 672 1159 quondam
701 1061 870 1136 arbitrio
899 1061 1088 1136 relictus:

250 1167 372 1242 Error
399 1167 577 1255 abducit,
608 1167 717 1242 vitiis
746 1168 935 1243 voluntas

358 1274 493 1350 Servit
521 1274 673 1372 iniqua.

252 1432 334 1507 Sed
363 1434 462 1509 deus
490 1435 611 1533 punit
639 1435 772 1508 scelus
803 1443 845 1509 01
871 1433 1047 1531 flagellis

252 1538 430 1638 Corripit
458 1541 609 1615 crebris
638 1540 822 1614 animum
848 1555 1084 1629 nocentem,

250 1646 396 1721 Donec
425 1649 478 1723 ad
507 1672 596 1722 sese
624 1653 793 1722 revocet
821 1648 1041 1722 cadentum

358 1754 536 1829 Pectora
565 1779 699 1828 caeca.

252 1913 331 2001 Qui
359 1937 528 1987 manum
557 1921 757 2012 spernunt
785 1914 934 1988 tumidi
962 1921 1192 2011 paternam,

252 2020 413 2094 Numen
443 2027 608 2095 exercet
636 2021 826 2118 graviore
855 2021 992 2095 clade:

250 2126 428 2200 Edomat
456 2127 620 2216 morbis,
651 2128 844 2215 tenebris,
875 2129 1003 2202 atroci

358 2233 531 2307 Caruere
559 2232 724 2331 trangit.

249 2392 389 2490 Nuper
418 2400 463 2466 ut
491 2393 636 2467 stravit
665 2395 871 2492 trepidum
901 2400 1122 2490 tyrannum

250 2498 302 2573 Et
331 2499 417 2573 dies
445 2499 581 2597 plures
611 2501 745 2574 tenuit
775 2501 1000 2574 iacentem:

248 2605 417 2705 Expulit
443 2632 571 2704 regno
601 2606 812 2681 (101111110111
841 2608 1072 2705 superbum,

355 2713 519 2787 Tenuit
546 2714 679 2788 sirmis.

249 2873 309 2946 At
336 2872 425 2971 pios
455 2873 636 2947 clemens
665 2874 784 2948 oculo
812 2873 968 2948 tarenti

248 2979 448 3078 Respicit,
479 2980 607 3054 donat
633 2983 743 3054 bona
771 2981 888 3080 plura
915 2979 1032 3068 vivis,

250 3088 436 3161 Mortuos
464 3087 633 3162 tandem
663 3086 851 3185 placidae
881 3085 1029 3184 quietis

357 3193 462 3267 Sede
490 3193 664 3292 reponit.

648 3776 691 3838 X.

332 3992 516 4070 NUDUS
544 3992 618 4067 AD
649 3991 790 4066 ALTA
820 3989 1011 4064 TENDE.

250 4206 450 4282 Omnibus
478 4207 598 4280 rebus
627 4209 722 4302 pete
750 4203 884 4276 nudus
913 4206 1043 4276 astra:

248 4314 342 4388 Non
371 4337 487 4388 amor
514 4318 556 4386 te
586 4310 783 4385 distineat
809 4335 886 4384 neo
917 4308 1004 4383 auri

249 4420 479 4495 Abstrahat
505 4417 604 4492 fulvi
636 4417 749 4492 color
778 4423 851 4491 aut
879 4414 1027 4513 cupido

354 4526 541 4601 Pectoris
570 4525 696 4623 aegri.
