<?xml version="1.0" encoding="UTF-8"?>
<!DOCTYPE html PUBLIC "-//W3C//DTD XHTML 1.0 Transitional//EN"
    "http://www.w3.org/TR/xhtml1/DTD/xhtml1-transitional.dtd">
<html xmlns="http://www.w3.org/1999/xhtml" xml:lang="en" lang="en">
 <head>
  <title>
</title>
<meta http-equiv="Content-Type" content="text/html;charset=utf-8" />
  <meta name='ocr-system' content='tesseract 3.04.00' />
  <meta name='ocr-capabilities' content='ocr_page ocr_carea ocr_par ocr_line ocrx_word'/>
</head>
<body>
  <div class='ocr_page' id='page_1' title='image "./psimonrettenbac00lehngoog/psimonrettenbac00lehngoog_0400.png"; bbox 0 0 3164 5154; ppageno 0'>
   <div class='ocr_carea' id='block_1_1' title="bbox 484 252 756 309">
    <p class='ocr_par' dir='ltr' id='par_1_1' title="bbox 484 252 756 309">
     <span class='ocr_line' id='line_1_1' title="bbox 484 252 756 309; baseline 0.011 -3"><span class='ocrx_word' id='word_1_1' title='bbox 484 252 558 307; x_wconf 84' lang='lat' dir='ltr'>LIB.</span> <span class='ocrx_word' id='word_1_2' title='bbox 578 252 658 307; x_wconf 86' lang='lat' dir='ltr'>VIII.</span> <span class='ocrx_word' id='word_1_3' title='bbox 677 255 756 309; x_wconf 79' lang='lat'><strong>4—7.</strong></span> 
     </span>
    </p>
   </div>
   <div class='ocr_carea' id='block_1_2' title="bbox 585 449 643 515">
    <p class='ocr_par' dir='ltr' id='par_1_2' title="bbox 585 449 643 515">
     <span class='ocr_line' id='line_1_2' title="bbox 585 449 643 515; baseline 0.017 -1"><span class='ocrx_word' id='word_1_4' title='bbox 585 449 643 515; x_wconf 90' lang='lat' dir='ltr'>VI.</span> 
     </span>
    </p>
   </div>
   <div class='ocr_carea' id='block_1_3' title="bbox 311 613 911 692">
    <p class='ocr_par' dir='ltr' id='par_1_3' title="bbox 311 613 911 692">
     <span class='ocr_line' id='line_1_3' title="bbox 311 613 911 692; baseline 0.005 -3"><span class='ocrx_word' id='word_1_5' title='bbox 311 613 451 690; x_wconf 54' lang='lat' dir='ltr'><strong>POST&gt;</strong></span> <span class='ocrx_word' id='word_1_6' title='bbox 477 613 690 690; x_wconf 90' lang='lat' dir='ltr'>FUNERA</span> <span class='ocrx_word' id='word_1_7' title='bbox 718 613 911 692; x_wconf 85' lang='lat' dir='ltr'>LAUDA.</span> 
     </span>
    </p>
   </div>
   <div class='ocr_carea' id='block_1_4' title="bbox 186 771 1225 1170">
    <p class='ocr_par' dir='ltr' id='par_1_4' title="bbox 186 771 1225 1086">
     <span class='ocr_line' id='line_1_4' title="bbox 188 771 1225 867; baseline -0.004 -18"><span class='ocrx_word' id='word_1_8' title='bbox 188 773 397 849; x_wconf 86' lang='lat' dir='ltr'>Laudibus</span> <span class='ocrx_word' id='word_1_9' title='bbox 424 774 623 848; x_wconf 82' lang='lat' dir='ltr'>Faustum</span> <span class='ocrx_word' id='word_1_10' title='bbox 651 772 845 864; x_wconf 76' lang='lat' dir='ltr'>celebras,</span> <span class='ocrx_word' id='word_1_11' title='bbox 876 771 1014 867; x_wconf 89' lang='lat' dir='ltr'>Avite,</span> <span class='ocrx_word' id='word_1_12' title='bbox 1081 789 1225 845; x_wconf 69' lang='lat' dir='ltr'>f01.144&#39;·</span> 
     </span>
     <span class='ocr_line' id='line_1_5' title="bbox 186 880 994 980; baseline 0.001 -24"><span class='ocrx_word' id='word_1_13' title='bbox 186 881 322 956; x_wconf 83' lang='lat' dir='ltr'>Nobili</span> <span class='ocrx_word' id='word_1_14' title='bbox 352 880 462 980; x_wconf 94' lang='lat' dir='ltr'>quod</span> <span class='ocrx_word' id='word_1_15' title='bbox 490 880 616 978; x_wconf 91' lang='lat' dir='ltr'>stirpe</span> <span class='ocrx_word' id='word_1_16' title='bbox 644 880 699 955; x_wconf 87' lang='lat' dir='ltr'>sit</span> <span class='ocrx_word' id='word_1_17' title='bbox 726 888 768 956; x_wconf 90' lang='lat' dir='ltr'>et</span> <span class='ocrx_word' id='word_1_18' title='bbox 795 881 994 957; x_wconf 88' lang='lat' dir='ltr'>modestis</span> 
     </span>
     <span class='ocr_line' id='line_1_6' title="bbox 187 986 902 1086; baseline 0.003 -25"><span class='ocrx_word' id='word_1_19' title='bbox 187 987 369 1063; x_wconf 90' lang='lat' dir='ltr'>Moribus</span> <span class='ocrx_word' id='word_1_20' title='bbox 396 987 540 1078; x_wconf 88' lang='lat' dir='ltr'>laetus,</span> <span class='ocrx_word' id='word_1_21' title='bbox 569 986 725 1086; x_wconf 88' lang='lat' dir='ltr'>pietate</span> <span class='ocrx_word' id='word_1_22' title='bbox 754 987 902 1081; x_wconf 90' lang='lat' dir='ltr'>suavis,</span> 
     </span>
    </p>

    <p class='ocr_par' dir='ltr' id='par_1_5' title="bbox 294 1094 590 1170">
     <span class='ocr_line' id='line_1_7' title="bbox 294 1094 590 1170; baseline 0 -1"><span class='ocrx_word' id='word_1_23' title='bbox 294 1095 374 1170; x_wconf 88' lang='lat' dir='ltr'>Ore</span> <span class='ocrx_word' id='word_1_24' title='bbox 403 1094 590 1169; x_wconf 84' lang='lat' dir='ltr'>disertus.</span> 
     </span>
    </p>
   </div>
   <div class='ocr_carea' id='block_1_5' title="bbox 186 1252 1053 1650">
    <p class='ocr_par' dir='ltr' id='par_1_6' title="bbox 187 1252 1053 1353">
     <span class='ocr_line' id='line_1_8' title="bbox 187 1252 1053 1353; baseline 0.003 -25"><span class='ocrx_word' id='word_1_25' title='bbox 187 1253 319 1345; x_wconf 85' lang='lat' dir='ltr'>Adde,</span> <span class='ocrx_word' id='word_1_26' title='bbox 350 1254 461 1352; x_wconf 90' lang='lat' dir='ltr'>quod</span> <span class='ocrx_word' id='word_1_27' title='bbox 486 1252 648 1353; x_wconf 87' lang='lat' dir='ltr'>magnis</span> <span class='ocrx_word' id='word_1_28' title='bbox 676 1252 833 1329; x_wconf 90' lang='lat' dir='ltr'>meritis</span> <span class='ocrx_word' id='word_1_29' title='bbox 861 1255 1053 1349; x_wconf 80' lang='lat' dir='ltr'>abundet,</span> 
     </span>
    </p>

    <p class='ocr_par' dir='ltr' id='par_1_7' title="bbox 186 1360 909 1461">
     <span class='ocr_line' id='line_1_9' title="bbox 186 1360 909 1461; baseline 0 -26"><span class='ocrx_word' id='word_1_30' title='bbox 186 1360 355 1436; x_wconf 78' lang='lat' dir='ltr'>Artibus</span> <span class='ocrx_word' id='word_1_31' title='bbox 383 1360 497 1461; x_wconf 87' lang='lat' dir='ltr'>pacis</span> <span class='ocrx_word' id='word_1_32' title='bbox 526 1384 757 1459; x_wconf 87' lang='lat' dir='ltr'>generosus,</span> <span class='ocrx_word' id='word_1_33' title='bbox 784 1361 909 1436; x_wconf 91' lang='lat' dir='ltr'>armis</span> 
     </span>
    </p>

    <p class='ocr_par' dir='ltr' id='par_1_8' title="bbox 186 1467 893 1650">
     <span class='ocr_line' id='line_1_10' title="bbox 186 1467 893 1558; baseline 0.003 -18"><span class='ocrx_word' id='word_1_34' title='bbox 186 1467 369 1558; x_wconf 81' lang='lat' dir='ltr'>inclitus,</span> <span class='ocrx_word' id='word_1_35' title='bbox 399 1474 564 1543; x_wconf 90' lang='lat' dir='ltr'>nostrae</span> <span class='ocrx_word' id='word_1_36' title='bbox 592 1473 756 1542; x_wconf 90' lang='lat' dir='ltr'>tueatur</span> <span class='ocrx_word' id='word_1_37' title='bbox 782 1468 893 1543; x_wconf 93' lang='lat' dir='ltr'>urbis</span> 
     </span>
     <span class='ocr_line' id='line_1_11' title="bbox 291 1573 634 1650; baseline 0 -1"><span class='ocrx_word' id='word_1_38' title='bbox 291 1573 458 1650; x_wconf 88' lang='lat' dir='ltr'>Moenia</span> <span class='ocrx_word' id='word_1_39' title='bbox 486 1581 634 1649; x_wconf 89' lang='lat' dir='ltr'>custos.</span> 
     </span>
    </p>
   </div>
   <div class='ocr_carea' id='block_1_6' title="bbox 185 1733 985 2154">
    <p class='ocr_par' dir='ltr' id='par_1_9' title="bbox 186 1733 985 1834">
     <span class='ocr_line' id='line_1_12' title="bbox 186 1733 985 1834; baseline 0 -25"><span class='ocrx_word' id='word_1_40' title='bbox 186 1735 379 1810; x_wconf 93' lang='lat' dir='ltr'>Hostium</span> <span class='ocrx_word' id='word_1_41' title='bbox 407 1735 549 1810; x_wconf 89' lang='lat' dir='ltr'>crebro</span> <span class='ocrx_word' id='word_1_42' title='bbox 577 1733 730 1832; x_wconf 87' lang='lat' dir='ltr'>repulit</span> <span class='ocrx_word' id='word_1_43' title='bbox 757 1734 985 1834; x_wconf 73' lang='lat' dir='ltr'>phalanges</span> 
     </span>
    </p>

    <p class='ocr_par' dir='ltr' id='par_1_10' title="bbox 185 1840 916 1940">
     <span class='ocr_line' id='line_1_13' title="bbox 185 1840 916 1940; baseline 0.001 -25"><span class='ocrx_word' id='word_1_44' title='bbox 185 1843 238 1917; x_wconf 83' lang='lat' dir='ltr'>Et</span> <span class='ocrx_word' id='word_1_45' title='bbox 265 1867 390 1916; x_wconf 89' lang='lat' dir='ltr'>manu</span> <span class='ocrx_word' id='word_1_46' title='bbox 417 1841 551 1916; x_wconf 88' lang='lat' dir='ltr'>victor</span> <span class='ocrx_word' id='word_1_47' title='bbox 577 1840 746 1915; x_wconf 91' lang='lat' dir='ltr'>timidos</span> <span class='ocrx_word' id='word_1_48' title='bbox 776 1842 916 1940; x_wconf 89' lang='lat' dir='ltr'>coegit</span> 
     </span>
    </p>

    <p class='ocr_par' dir='ltr' id='par_1_11' title="bbox 186 1948 894 2154">
     <span class='ocr_line' id='line_1_14' title="bbox 186 1948 894 2047; baseline -0.001 -24"><span class='ocrx_word' id='word_1_49' title='bbox 186 1948 253 2024; x_wconf 94' lang='lat' dir='ltr'>Ad</span> <span class='ocrx_word' id='word_1_50' title='bbox 282 1975 375 2024; x_wconf 92' lang='lat' dir='ltr'>suas</span> <span class='ocrx_word' id='word_1_51' title='bbox 404 1948 520 2023; x_wconf 90' lang='lat' dir='ltr'>sedes</span> <span class='ocrx_word' id='word_1_52' title='bbox 549 1971 723 2047; x_wconf 88' lang='lat' dir='ltr'>propere</span> <span class='ocrx_word' id='word_1_53' title='bbox 750 1948 894 2040; x_wconf 88' lang='lat' dir='ltr'>redire,</span> 
     </span>
     <span class='ocr_line' id='line_1_15' title="bbox 291 2055 673 2154; baseline -0.003 -25"><span class='ocrx_word' id='word_1_54' title='bbox 291 2055 497 2154; x_wconf 86' lang='lat' dir='ltr'>Linquere</span> <span class='ocrx_word' id='word_1_55' title='bbox 526 2062 673 2130; x_wconf 87' lang='lat' dir='ltr'>castra.</span> 
     </span>
    </p>
   </div>
   <div class='ocr_carea' id='block_1_7' title="bbox 184 2214 1040 2611">
    <p class='ocr_par' dir='ltr' id='par_1_12' title="bbox 184 2214 957 2312">
     <span class='ocr_line' id='line_1_16' title="bbox 184 2214 957 2312; baseline 0 -23"><span class='ocrx_word' id='word_1_56' title='bbox 184 2214 337 2290; x_wconf 83' lang='lat' dir='ltr'>Laudis</span> <span class='ocrx_word' id='word_1_57' title='bbox 365 2215 469 2289; x_wconf 87' lang='lat' dir='ltr'>haec</span> <span class='ocrx_word' id='word_1_58' title='bbox 498 2222 561 2290; x_wconf 87' lang='lat' dir='ltr'>est</span> <span class='ocrx_word' id='word_1_59' title='bbox 587 2214 780 2289; x_wconf 88' lang='lat' dir='ltr'>materies</span> <span class='ocrx_word' id='word_1_60' title='bbox 810 2214 957 2312; x_wconf 89' lang='lat' dir='ltr'>opima.</span> 
     </span>
    </p>

    <p class='ocr_par' dir='ltr' id='par_1_13' title="bbox 185 2319 1040 2420">
     <span class='ocr_line' id='line_1_17' title="bbox 185 2319 1040 2420; baseline 0.002 -24"><span class='ocrx_word' id='word_1_61' title='bbox 185 2319 387 2396; x_wconf 78' lang='lat' dir='ltr'>Attamen</span> <span class='ocrx_word' id='word_1_62' title='bbox 413 2321 597 2395; x_wconf 91' lang='lat' dir='ltr'>nondum</span> <span class='ocrx_word' id='word_1_63' title='bbox 624 2320 719 2396; x_wconf 90' lang='lat' dir='ltr'>nive</span> <span class='ocrx_word' id='word_1_64' title='bbox 748 2321 898 2420; x_wconf 83' lang='lat' dir='ltr'>sparsit</span> <span class='ocrx_word' id='word_1_65' title='bbox 925 2327 1040 2398; x_wconf 87' lang='lat' dir='ltr'>aetas</span> 
     </span>
    </p>

    <p class='ocr_par' dir='ltr' id='par_1_14' title="bbox 187 2425 918 2611">
     <span class='ocr_line' id='line_1_18' title="bbox 187 2425 918 2520; baseline -0.003 -18"><span class='ocrx_word' id='word_1_66' title='bbox 187 2428 323 2503; x_wconf 87' lang='lat' dir='ltr'>Serior</span> <span class='ocrx_word' id='word_1_67' title='bbox 351 2428 496 2520; x_wconf 91' lang='lat' dir='ltr'>crines,</span> <span class='ocrx_word' id='word_1_68' title='bbox 527 2427 685 2504; x_wconf 91' lang='lat' dir='ltr'>domuit</span> <span class='ocrx_word' id='word_1_69' title='bbox 711 2452 788 2503; x_wconf 92' lang='lat' dir='ltr'>nec</span> <span class='ocrx_word' id='word_1_70' title='bbox 815 2425 918 2503; x_wconf 88' lang='lat' dir='ltr'>iram</span> 
     </span>
     <span class='ocr_line' id='line_1_19' title="bbox 293 2534 634 2611; baseline -0.006 0"><span class='ocrx_word' id='word_1_71' title='bbox 293 2534 422 2611; x_wconf 86' lang='lat' dir='ltr'>Sertis</span> <span class='ocrx_word' id='word_1_72' title='bbox 451 2537 634 2611; x_wconf 88' lang='lat' dir='ltr'>acerbae.</span> 
     </span>
    </p>
   </div>
   <div class='ocr_carea' id='block_1_8' title="bbox 184 2692 981 3089">
    <p class='ocr_par' dir='ltr' id='par_1_15' title="bbox 189 2692 866 2792">
     <span class='ocr_line' id='line_1_20' title="bbox 189 2692 866 2792; baseline -0.004 -23"><span class='ocrx_word' id='word_1_73' title='bbox 189 2693 369 2770; x_wconf 87' lang='lat' dir='ltr'>Vertitur</span> <span class='ocrx_word' id='word_1_74' title='bbox 395 2694 561 2769; x_wconf 83' lang='lat' dir='ltr'>fortuna</span> <span class='ocrx_word' id='word_1_75' title='bbox 588 2699 680 2768; x_wconf 91' lang='lat' dir='ltr'>rota</span> <span class='ocrx_word' id='word_1_76' title='bbox 707 2692 866 2792; x_wconf 85' lang='lat' dir='ltr'>fugaci:</span> 
     </span>
    </p>

    <p class='ocr_par' dir='ltr' id='par_1_16' title="bbox 186 2799 976 2900">
     <span class='ocr_line' id='line_1_21' title="bbox 186 2799 976 2900; baseline -0.001 -26"><span class='ocrx_word' id='word_1_77' title='bbox 186 2801 316 2891; x_wconf 83' lang='lat' dir='ltr'>Quem</span> <span class='ocrx_word' id='word_1_78' title='bbox 346 2802 438 2876; x_wconf 93' lang='lat' dir='ltr'>sinu</span> <span class='ocrx_word' id='word_1_79' title='bbox 466 2799 602 2900; x_wconf 86' lang='lat' dir='ltr'>gessit,</span> <span class='ocrx_word' id='word_1_80' title='bbox 631 2800 736 2900; x_wconf 93' lang='lat' dir='ltr'>pede</span> <span class='ocrx_word' id='word_1_81' title='bbox 766 2800 976 2875; x_wconf 88' lang='lat' dir='ltr'>concitato</span> 
     </span>
    </p>

    <p class='ocr_par' dir='ltr' id='par_1_17' title="bbox 184 2907 981 3089">
     <span class='ocr_line' id='line_1_22' title="bbox 184 2907 981 3006; baseline 0 -25"><span class='ocrx_word' id='word_1_82' title='bbox 184 2908 330 2983; x_wconf 84' lang='lat' dir='ltr'>Calcat</span> <span class='ocrx_word' id='word_1_83' title='bbox 358 2914 400 2983; x_wconf 88' lang='lat' dir='ltr'>et</span> <span class='ocrx_word' id='word_1_84' title='bbox 426 2909 508 2983; x_wconf 91' lang='lat' dir='ltr'>leto</span> <span class='ocrx_word' id='word_1_85' title='bbox 537 2907 704 3006; x_wconf 86' lang='lat' dir='ltr'>perimit</span> <span class='ocrx_word' id='word_1_86' title='bbox 731 2907 856 2982; x_wconf 87' lang='lat' dir='ltr'>truci:</span> <span class='ocrx_word' id='word_1_87' title='bbox 886 2913 981 3005; x_wconf 91' lang='lat' dir='ltr'>post</span> 
     </span>
     <span class='ocr_line' id='line_1_23' title="bbox 291 3014 616 3089; baseline -0.003 -1"><span class='ocrx_word' id='word_1_88' title='bbox 291 3015 455 3089; x_wconf 84' lang='lat' dir='ltr'>Funera</span> <span class='ocrx_word' id='word_1_89' title='bbox 481 3014 616 3089; x_wconf 84' lang='lat' dir='ltr'>lauda.</span> 
     </span>
    </p>
   </div>
   <div class='ocr_carea' id='block_1_9' title="bbox 357 3401 851 3642">
    <p class='ocr_par' dir='ltr' id='par_1_18' title="bbox 357 3401 851 3642">
     <span class='ocr_line' id='line_1_24' title="bbox 567 3401 644 3466; baseline -0.013 0"><span class='ocrx_word' id='word_1_90' title='bbox 567 3401 644 3466; x_wconf 86' lang='lat' dir='ltr'>VII.</span> 
     </span>
     <span class='ocr_line' id='line_1_25' title="bbox 357 3564 851 3642; baseline -0.004 -1"><span class='ocrx_word' id='word_1_91' title='bbox 357 3564 530 3642; x_wconf 86' lang='lat' dir='ltr'><strong>OTIUM</strong></span> <span class='ocrx_word' id='word_1_92' title='bbox 560 3565 851 3641; x_wconf 88' lang='lat' dir='ltr'>SAPIENTIS.</span> 
     </span>
    </p>
   </div>
   <div class='ocr_carea' id='block_1_10' title="bbox 178 3723 1216 4144">
    <p class='ocr_par' dir='ltr' id='par_1_19' title="bbox 178 3723 1216 4013">
     <span class='ocr_line' id='line_1_26' title="bbox 181 3723 1216 3824; baseline -0.004 -25"><span class='ocrx_word' id='word_1_93' title='bbox 181 3724 320 3799; x_wconf 89' lang='lat' dir='ltr'>Otium</span> <span class='ocrx_word' id='word_1_94' title='bbox 348 3724 478 3799; x_wconf 87' lang='lat' dir='ltr'>iactas</span> <span class='ocrx_word' id='word_1_95' title='bbox 507 3725 716 3824; x_wconf 87' lang='lat' dir='ltr'>sapientis,</span> <span class='ocrx_word' id='word_1_96' title='bbox 745 3723 896 3814; x_wconf 88' lang='lat' dir='ltr'>Acron,</span> <span class='ocrx_word' id='word_1_97' title='bbox 1077 3739 1127 3793; x_wconf 74' lang='lat' dir='ltr'>foi.</span> <span class='ocrx_word' id='word_1_98' title='bbox 1148 3741 1216 3795; x_wconf 69' lang='lat'>145¹-</span> 
     </span>
     <span class='ocr_line' id='line_1_27' title="bbox 179 3831 958 3907; baseline -0.001 -2"><span class='ocrx_word' id='word_1_99' title='bbox 179 3832 231 3906; x_wconf 79' lang='lat' dir='ltr'>llt</span> <span class='ocrx_word' id='word_1_100' title='bbox 260 3832 370 3906; x_wconf 89' lang='lat' dir='ltr'>domi</span> <span class='ocrx_word' id='word_1_101' title='bbox 399 3839 528 3906; x_wconf 88' lang='lat' dir='ltr'>temet</span> <span class='ocrx_word' id='word_1_102' title='bbox 555 3832 723 3907; x_wconf 88' lang='lat' dir='ltr'>latebris</span> <span class='ocrx_word' id='word_1_103' title='bbox 751 3831 958 3906; x_wconf 83' lang='lat' dir='ltr'>recondis:</span> 
     </span>
     <span class='ocr_line' id='line_1_28' title="bbox 178 3937 942 4013; baseline -0.003 0"><span class='ocrx_word' id='word_1_104' title='bbox 178 3937 342 4013; x_wconf 85' lang='lat' dir='ltr'>Deseris</span> <span class='ocrx_word' id='word_1_105' title='bbox 371 3941 511 4013; x_wconf 86' lang='lat' dir='ltr'>turbas</span> <span class='ocrx_word' id='word_1_106' title='bbox 541 3938 661 4012; x_wconf 89' lang='lat' dir='ltr'>simul</span> <span class='ocrx_word' id='word_1_107' title='bbox 691 3945 732 4013; x_wconf 89' lang='lat' dir='ltr'>et</span> <span class='ocrx_word' id='word_1_108' title='bbox 758 3939 942 4013; x_wconf 87' lang='lat' dir='ltr'>laborem</span> 
     </span>
    </p>

    <p class='ocr_par' dir='ltr' id='par_1_20' title="bbox 283 4044 661 4144">
     <span class='ocr_line' id='line_1_29' title="bbox 283 4044 661 4144; baseline 0 -25"><span class='ocrx_word' id='word_1_109' title='bbox 283 4044 456 4144; x_wconf 86' lang='lat' dir='ltr'>Defugis</span> <span class='ocrx_word' id='word_1_110' title='bbox 486 4069 661 4119; x_wconf 85' lang='lat' dir='ltr'>omnem.</span> 
     </span>
    </p>
   </div>
   <div class='ocr_carea' id='block_1_11' title="bbox 175 4203 996 4517">
    <p class='ocr_par' dir='ltr' id='par_1_21' title="bbox 175 4203 996 4517">
     <span class='ocr_line' id='line_1_30' title="bbox 175 4203 884 4302; baseline -0.003 -24"><span class='ocrx_word' id='word_1_111' title='bbox 175 4204 368 4280; x_wconf 87' lang='lat' dir='ltr'>Forsitan</span> <span class='ocrx_word' id='word_1_112' title='bbox 395 4205 524 4279; x_wconf 87' lang='lat' dir='ltr'>virtus</span> <span class='ocrx_word' id='word_1_113' title='bbox 552 4204 673 4302; x_wconf 82' lang='lat' dir='ltr'>rigidi</span> <span class='ocrx_word' id='word_1_114' title='bbox 705 4203 884 4295; x_wconf 86' lang='lat' dir='ltr'>Catonis,</span> 
     </span>
     <span class='ocr_line' id='line_1_31' title="bbox 175 4310 996 4402; baseline -0.004 -16"><span class='ocrx_word' id='word_1_115' title='bbox 175 4312 364 4386; x_wconf 86' lang='lat' dir='ltr'>Porticus</span> <span class='ocrx_word' id='word_1_116' title='bbox 392 4313 458 4388; x_wconf 92' lang='lat' dir='ltr'>vel</span> <span class='ocrx_word' id='word_1_117' title='bbox 486 4312 553 4386; x_wconf 83' lang='lat' dir='ltr'>lex</span> <span class='ocrx_word' id='word_1_118' title='bbox 580 4310 658 4384; x_wconf 84' lang='lat' dir='ltr'>fuit</span> <span class='ocrx_word' id='word_1_119' title='bbox 685 4312 789 4386; x_wconf 91' lang='lat' dir='ltr'>haec</span> <span class='ocrx_word' id='word_1_120' title='bbox 819 4335 996 4402; x_wconf 86' lang='lat' dir='ltr'>severae,</span> 
     </span>
     <span class='ocr_line' id='line_1_32' title="bbox 177 4417 909 4517; baseline -0.001 -25"><span class='ocrx_word' id='word_1_121' title='bbox 177 4418 271 4493; x_wconf 85' lang='lat' dir='ltr'>Sive</span> <span class='ocrx_word' id='word_1_122' title='bbox 300 4417 467 4493; x_wconf 88' lang='lat' dir='ltr'>facundi</span> <span class='ocrx_word' id='word_1_123' title='bbox 496 4419 672 4493; x_wconf 88' lang='lat' dir='ltr'>docuere</span> <span class='ocrx_word' id='word_1_124' title='bbox 702 4419 909 4517; x_wconf 90' lang='lat' dir='ltr'>quondam</span> 
     </span>
    </p>
   </div>
   <div class='ocr_carea' id='block_1_12' title="bbox 284 4524 759 4633">
    <p class='ocr_par' dir='ltr' id='par_1_22' title="bbox 284 4524 759 4633">
     <span class='ocr_line' id='line_1_33' title="bbox 284 4524 759 4633; baseline 0 -34"><span class='ocrx_word' id='word_1_125' title='bbox 284 4524 396 4600; x_wconf 84' lang='lat' dir='ltr'>Soita</span> <span class='ocrx_word' id='word_1_126' title='bbox 423 4525 637 4600; x_wconf 81' lang='lat' dir='ltr'>Platonis?</span> <span class='ocrx_word' id='word_1_127' title='bbox 758 4630 759 4633; x_wconf 8' lang='grc' dir='ltr'><strong>Ἴ</strong></span> 
     </span>
    </p>
   </div>
   <div class='ocr_carea' id='block_1_13' title="bbox 0 0 1586 5154">
    <p class='ocr_par' dir='ltr' id='par_1_23' title="bbox 0 0 1586 5154">
     <span class='ocr_line' id='line_1_34' title="bbox 0 0 1586 5154; baseline 0 3"><span class='ocrx_word' id='word_1_128' title='bbox 0 0 1586 5154; x_wconf 95' lang='lat' dir='ltr'> </span> 
     </span>
    </p>
   </div>
  </div>
 </body>
</html>
