3164 5154
568 265 642 319 ΜΒ.
662 265 683 319 Ι.
705 267 818 322 17-19,

618 584 718 650 XIX.

152 803 268 881 CUM
296 800 459 880 MUSIS
488 801 544 876 IN
575 800 823 879 GRATIAM
852 801 984 904 QUID
1014 800 1234 879 CANERE

544 923 848 1003 PROPONAT.

52 1141 197 1216 Dulcis
225 1139 436 1213 Pieridum
465 1139 611 1214 chorus
1210 1135 1261 1190 f01·
1279 1137 1316 1193 θ’·

161 1248 215 1322 Et
242 1246 409 1346 pulsans
438 1246 639 1320 citharam
668 1245 861 1320 Phoebus
890 1248 1111 1321 eburneam

55 1353 301 1430 Iamdudum
329 1352 482 1427 resides
510 1352 611 1427 fides

163 1461 320 1535 Rursus
348 1459 574 1534 sollicitant
602 1466 726 1557 atque
754 1458 936 1533 animum
965 1466 1144 1536 movent.

55 1569 167 1643 Dum
197 1566 336 1640 divina
364 1565 537 1640 scientia

167 1671 324 1748 Sectari
353 1672 525 1747 aetherii
553 1674 664 1749 iussa
691 1672 815 1748 docet
842 1673 990 1762 Patris,

57 1781 300 1880 Importuna
327 1779 496 1853 licentia

167 1886 235 1960 Ad
263 1886 418 1986 priscas
446 1894 617 1961 revocat
645 1887 812 1962 delicias
841 1886 1002 1986 pigrum

57 1995 351 2091 Musarumque
379 1991 625 2091 protervitas

168 2098 377 2198 Astringit
404 2101 563 2174 senium
590 2099 823 2175 foederibus
852 2101 981 2174 novis.

60 2208 167 2284 Oum
196 2205 325 2281 fastos
354 2213 513 2281 veteres
542 2206 645 2281 libet
779 2222 783 2231 ’

168 2312 233 2387 Ac
262 2313 486 2412 primorum
514 2313 727 2388 hominum
756 2315 895 2389 saecla
921 2314 1141 2401 revolvere,
1304 2331 1329 2372 1²

60 2419 132 2496 Ad
161 2418 339 2494 Pindum
366 2418 425 2495 ire
454 2419 569 2495 iubet
597 2420 696 2495 deus

170 2527 224 2601 Et
249 2526 410 2600 laurum
438 2525 557 2600 viridi
586 2552 752 2626 carpere
780 2526 946 2602 vertice.

61 2634 131 2709 Me
160 2639 329 2708 cantare
357 2631 472 2707 iuvet
499 2633 664 2732 quidem

173 2740 225 2814 Et
253 2738 428 2814 chordas
458 2739 596 2838 digitis
622 2747 793 2837 tangere
821 2739 1023 2829 mollibus,

64 2846 110 2923 Si
139 2853 305 2944 gratum
333 2846 505 2921 recitem
533 2847 664 2921 melos

174 2953 261 3028 Nec
288 2952 418 3027 moles
446 2953 597 3028 umeris
626 2952 680 3028 sit
708 2952 872 3051 gravior
899 2952 1012 3026 meis.

67 3058 204 3150 Quid?
232 3059 437 3134 Thracem
463 3084 688 3134 memorem
716 3058 816 3156 fuga

175 3165 396 3241 Deiectum
424 3166 575 3265 pavida
603 3166 735 3241 limite
765 3167 1041 3240 Pannonum‘?

68 3271 208 3363 Quid?
236 3272 345 3347 bello
375 3271 603 3347 Ausoniam
634 3273 775 3371 quati?

176 3378 385 3479 Europam
414 3379 547 3454 dubiis
577 3378 876 3454 seditionibus?

68 3482 173 3561 Acri
202 3484 334 3560 milite
363 3485 484 3586 diripi

179 3592 310 3670 Urbes
340 3617 388 3668 ac
412 3592 559 3667 validis
588 3591 753 3667 moenia
772 3591 974 3667 turribus?

69 3699 189 3774 Haec
219 3707 370 3775 cuncta
399 3699 537 3774 eximii
567 3705 721 3775 canant

180 3805 310 3880 Vates
337 3805 517 3882 Maeonii
548 3805 740 3881 carminis
770 3805 879 3880 alite.

72 3911 233 3988 Suadet
259 3911 399 3988 mitior
425 3912 585 3988 indoles

185 4017 397 4109 Quaedam
427 4019 477 4093 dc
505 4019 636 4094 niveis
666 4019 800 4092 dicere
828 4016 1020 4093 moribus.
1315 4047 1342 4085 πε
