3164 5154
701 225 906 281 SILVARUM

736 529 873 594 XXIII.

431 739 681 825 NEGOTIA
710 746 847 823 ALIIS
878 745 1173 825 COMMISSA.

325 964 406 1037 Res
436 986 530 1037 suas
558 960 730 1036 mandat
759 960 971 1061 Stephano
1000 962 1206 1060 gerendas
1283 976 1332 1032 fol.
1348 977 1399 1031 isr-

324 1070 487 1160 Brutus,
516 1068 713 1166 ignavum
741 1093 957 1143 numerare
984 1069 1129 1144 taedet

322 1175 483 1251 Aureos
510 1200 718 1250 nummos:
749 1175 858 1250 olido
889 1181 1057 1250 veterno

432 1282 528 1358 Otia
555 1288 758 1380 mergunt.

323 1442 495 1518 Interim
525 1447 656 1516 turres
684 1448 860 1540 pereunt
887 1440 1016 1532 ruina,

323 1551 454 1625 Tecta
481 1548 700 1638 nudantur,
731 1548 866 1646 paries
895 1547 1076 1624 minatur

322 1655 482 1730 Debilis
511 1679 661 1746 casum,
688 1653 852 1730 nivibus
880 1657 946 1730 vel
974 1654 1097 1730 imbri

430 1761 580 1836 Pervia.
608 1768 769 1836 cuncta.

323 1922 519 2020 Neglegit
548 1945 687 1995 curam
717 1920 919 2012 dominus,
948 1921 1139 1996 minister

322 2029 389 2103 Nil
418 2028 524 2126 agit:
555 2028 723 2102 tandem
751 2027 905 2103 laribus
934 2029 1031 2127 quid
1061 2029 1151 2105 istis

322 2135 443 2209 Fiet?
473 2134 603 2210 Undis
632 2135 752 2208 ludus
781 2142 900 2209 erunt
929 2142 972 2211 et
999 2161 1136 2227 aurae,

429 2241 564 2316 Antra
591 2242 809 2318 latronum.

324 2401 404 2490 Qui
432 2402 601 2475 domum
631 2426 793 2476 servare
821 2401 948 2501 cupis,
978 2427 1160 2496 neeesse,

324 2507 445 2583 Ortus
475 2515 522 2583 ut
547 2508 743 2583 Phoebus
773 2509 954 2608 vigilem,
983 2508 1122 2584 Diana

322 2615 524 2693 Ultimum
555 2615 665 2689 dulci
693 2615 833 2690 videat
861 2616 998 2716 sopori

429 2722 607 2797 Tradere
636 2725 832 2797 membra.

324 2881 517 2980 Quisquis
547 2882 665 2957 ardes
694 2888 817 2980 atque
847 2883 1067 2981 opulentus
1096 2909 1185 2959 esse

322 2989 486 3080 Niteris,
515 3014 740 3087 numquam
770 2989 951 3064 studium
979 2988 1154 3084 remitte,

322 3096 405 3172 Sed
433 3095 515 3170 tuis
543 3097 721 3194 prudens
750 3096 872 3171 avido
900 3097 1042 3171 labore

427 3203 624 3301 Prospice
652 3205 783 3278 rebus.

321 3363 441 3437 Miles
469 3363 581 3436 haud
610 3369 696 3438 tam
725 3362 902 3437 sollicito
933 3363 1069 3439 calore

324 3469 470 3545 Castra
497 3470 563 3544 vel
591 3471 751 3545 firmam
779 3470 1019 3570 peregrinus
1048 3473 1203 3561 urbem,

321 3577 380 3654 Ut
407 3601 505 3651 suae
533 3583 674 3675 gratus
702 3577 862 3676 patriae
890 3583 1030 3652 tuetur
1076 3602 1081 3611 ·

427 3682 594 3759 Moenia
622 3683 735 3758 civis.

321 3843 511 3917 Flamma
540 3869 634 3918 cum
663 3843 805 3932 saevit,
836 3844 1023 3942 proprios
1051 3851 1225 3943 penates

320 3949 512 4048 Protegit
540 3949 688 4047 quivis:
717 3950 853 4025 aliena
879 3950 983 4023 nulli

321 4057 395 4131 Est
424 4057 568 4131 domus
598 4057 724 4148 cordi,
755 4056 890 4156 paries
919 4056 990 4130 ubi
1018 4056 1103 4131 iam

321 4163 539 4238 Proximus
566 4164 692 4238 ardet.
