3164 5154
707 239 915 297 SILVARUM

329 438 482 514 Verum
510 438 709 515 militibus
737 446 857 539 grata
883 440 1079 540 pecunia:

330 545 507 621 Sordent
533 546 731 637 Pierides,
762 572 863 648 quos
891 550 992 623 tuba
1019 549 1192 649 pellicit.

331 652 524 729 Gaudent
551 678 660 745 arva,
691 654 836 730 domos
866 654 1042 753 diripere
1070 656 1284 732 hostium:

328 760 500 852 Praeda,
531 760 686 835 divitiis
715 786 763 836 ac
792 761 934 861 spoliis
962 786 1113 859 graves
1399 817 1420 854 ,ι

330 865 508 958 Censeri,
539 868 726 967 proprios
755 869 853 943 dum
880 876 1075 970 repetunt
1103 869 1227 946 laren

330 972 436 1049 Sunt
462 982 603 1050 vatum
631 974 804 1049 nimium
833 975 932 1051 vilia
961 977 1159 1067 carmina,

330 1080 526 1171 Quamvis
553 1089 774 1182 perpetuus
804 1082 1000 1159 sollicitet
1027 1084 1165 1159 labor:

328 1189 508 1263 Tantum
524 1190 620 1263 hinc
636 1197 759 1264 canto
771 1189 872 1264 mihi
888 1198 1012 1288 atque
1024 1190 1238 1266 Aonidum
1260 1193 1390 1282 choro,
1403 1245 1424 1284 n

329 1295 412 1373 Ulli
439 1321 492 1370 ne
520 1295 669 1370 fidibus
697 1296 838 1371 taedia
867 1297 1083 1371 concitem.

773 1844 836 1908 IX.

506 2060 867 2138 PHILOSOPHIA
896 2057 1108 2136 STOICA.

330 2278 403 2367 Tu,
435 2275 503 2375 qui
533 2274 683 2350 severis
711 2274 871 2370 legibus
899 2272 1037 2363 uteris,
1282 2287 1332 2341 fol.
1353 2288 1418 2343 1022

330 2384 552 2458 Praeclara
580 2406 724 2457 censes
753 2379 914 2454 somnia
941 2379 1135 2479 porticus,

382 2492 561 2564 Decreta
587 2512 813 2586 numquam
841 2486 1026 2562 veritatis

436 2595 524 2670 Aut
550 2595 701 2670 veteris
730 2594 900 2693 sophiae
929 2592 1128 2693 relinque.

331 2756 451 2847 Quod
477 2758 590 2831 Zeno
620 2756 776 2845 suadet,
807 2754 915 2852 quod
944 2760 1086 2828 monet
1113 2754 1251 2829 aureis

329 2863 462 2938 Dictis
494 2863 726 2953 Cleanthes,
758 2868 926 2960 pectore
955 2886 1008 2934 ne
1036 2867 1108 2935 tuo

381 2972 565 3046 Labatur
591 2995 808 3068 nmquam:
840 2967 1092 3067 sempiterna

437 3077 578 3153 Gloria
605 3078 664 3152 sic
692 3101 917 3151 memorem
947 3081 1151 3173 sequetur.

331 3237 444 3326 Quae
473 3240 617 3312 secta?
646 3237 711 3310 vel
739 3235 836 3336 qnid
864 3232 1128 3334 praecipiunt
1155 3232 1263 3308 viri?

330 3345 495 3419 Sectam
523 3343 683 3418 virilem
710 3367 832 3417 nemo
862 3340 1088 3440 negaverit,

384 3451 485 3526 Cum
517 3452 604 3525 sola
631 3450 759 3524 virtus
789 3449 1029 3524 aestimetur

437 3557 635 3633 Omnibus
664 3556 932 3632 anteferenda
958 3552 1107 3652 regnis.

330 3718 393 3793 Sit
420 3718 506 3792 vita
535 3742 693 3791 summo
724 3715 972 3790 conveniens
1002 3715 1091 3806 dec,

330 3825 494 3900 Nudata
522 3851 638 3899 mens
667 3823 896 3898 adfectibus
927 3820 1129 3896 omnibus:

382 3933 474 4007 Non
502 3931 563 4005 ira
591 3940 743 4028 surgat,
773 3957 859 4005 non
889 3928 1037 4028 cupido

435 4039 662 4113 immodico
694 4037 926 4113 dominetur
954 4042 1081 4110 aestu.

330 4198 541 4273 Aernmna
568 4199 680 4272 nullo
709 4196 870 4272 trn'bine
900 4195 1114 4293 deprimat,

329 4307 422 4380 Non
450 4330 550 4380 aura
579 4306 698 4379 sortis
727 4303 916 4378 blandior
945 4303 1105 4377 evehat.

382 4414 457 4488 Est
485 4414 622 4488 vultus
652 4412 774 4502 idem,
804 4412 917 4484 lions
948 4432 1093 4483 serena

436 4523 489 4595 Et
516 4519 659 4594 similis
688 4520 775 4593 sine
803 4521 912 4592 nube
942 4518 1030 4606 soli,
