<?xml version="1.0" encoding="UTF-8"?>
<!DOCTYPE html PUBLIC "-//W3C//DTD XHTML 1.0 Transitional//EN"
    "http://www.w3.org/TR/xhtml1/DTD/xhtml1-transitional.dtd">
<html xmlns="http://www.w3.org/1999/xhtml" xml:lang="en" lang="en">
 <head>
  <title>
</title>
<meta http-equiv="Content-Type" content="text/html;charset=utf-8" />
  <meta name='ocr-system' content='tesseract 3.04.00' />
  <meta name='ocr-capabilities' content='ocr_page ocr_carea ocr_par ocr_line ocrx_word'/>
</head>
<body>
  <div class='ocr_page' id='page_1' title='image "./psimonrettenbac00lehngoog/psimonrettenbac00lehngoog_0156.png"; bbox 0 0 3164 5154; ppageno 0'>
   <div class='ocr_carea' id='block_1_1' title="bbox 232 497 1106 745">
    <p class='ocr_par' dir='ltr' id='par_1_1' title="bbox 232 497 1106 745">
     <span class='ocr_line' id='line_1_1' title="bbox 624 497 727 567; baseline 0 0"><span class='ocrx_word' id='word_1_1' title='bbox 624 497 727 567; x_wconf 80' lang='lat' dir='ltr'>XXL</span> 
     </span>
     <span class='ocr_line' id='line_1_2' title="bbox 232 660 1106 745; baseline 0.005 -4"><span class='ocrx_word' id='word_1_2' title='bbox 232 660 476 741; x_wconf 84' lang='lat' dir='ltr'>AETERNl</span> <span class='ocrx_word' id='word_1_3' title='bbox 500 660 732 741; x_wconf 78' lang='lat' dir='ltr'>NUMlNlS</span> <span class='ocrx_word' id='word_1_4' title='bbox 759 661 1106 745; x_wconf 77' lang='lat' dir='ltr'><strong>PRAESENTIA.</strong></span> 
     </span>
    </p>
   </div>
   <div class='ocr_carea' id='block_1_2' title="bbox 191 834 974 1233">
    <p class='ocr_par' dir='ltr' id='par_1_2' title="bbox 191 834 965 1045">
     <span class='ocr_line' id='line_1_3' title="bbox 192 834 965 939; baseline -0.003 -24"><span class='ocrx_word' id='word_1_5' title='bbox 192 839 292 930; x_wconf 84' lang='lat' dir='ltr'>Quis</span> <span class='ocrx_word' id='word_1_6' title='bbox 319 863 397 916; x_wconf 91' lang='lat' dir='ltr'>nos</span> <span class='ocrx_word' id='word_1_7' title='bbox 425 861 571 914; x_wconf 87' lang='lat' dir='ltr'>sereno</span> <span class='ocrx_word' id='word_1_8' title='bbox 599 834 771 939; x_wconf 85' lang='lat' dir='ltr'>respicit</span> <span class='ocrx_word' id='word_1_9' title='bbox 796 837 965 914; x_wconf 77' lang='lat' dir='ltr'>aethere</span> 
     </span>
     <span class='ocr_line' id='line_1_4' title="bbox 191 943 921 1045; baseline -0.004 -23"><span class='ocrx_word' id='word_1_10' title='bbox 191 947 243 1022; x_wconf 88' lang='lat' dir='ltr'>Et</span> <span class='ocrx_word' id='word_1_11' title='bbox 267 946 362 1021; x_wconf 92' lang='lat' dir='ltr'>luce</span> <span class='ocrx_word' id='word_1_12' title='bbox 388 943 539 1021; x_wconf 81' lang='lat' dir='ltr'>maesti</span> <span class='ocrx_word' id='word_1_13' title='bbox 565 943 710 1021; x_wconf 83' lang='lat' dir='ltr'>nubila</span> <span class='ocrx_word' id='word_1_14' title='bbox 735 943 921 1045; x_wconf 85' lang='lat' dir='ltr'>pecteris</span> 
     </span>
    </p>

    <p class='ocr_par' dir='ltr' id='par_1_3' title="bbox 243 1049 962 1151">
     <span class='ocr_line' id='line_1_5' title="bbox 243 1049 962 1151; baseline 0.003 -24"><span class='ocrx_word' id='word_1_15' title='bbox 243 1050 444 1128; x_wconf 81' lang='lat' dir='ltr'>Dissolvit</span> <span class='ocrx_word' id='word_1_16' title='bbox 470 1049 746 1151; x_wconf 84' lang='lat' dir='ltr'>accenditque</span> <span class='ocrx_word' id='word_1_17' title='bbox 772 1049 962 1129; x_wconf 77' lang='lat' dir='ltr'>flammas</span> 
     </span>
    </p>

    <p class='ocr_par' dir='ltr' id='par_1_4' title="bbox 295 1154 974 1233">
     <span class='ocr_line' id='line_1_6' title="bbox 295 1154 974 1233; baseline -0.001 0"><span class='ocrx_word' id='word_1_18' title='bbox 295 1156 496 1233; x_wconf 77' lang='lat' dir='ltr'>Dulcibus</span> <span class='ocrx_word' id='word_1_19' title='bbox 523 1162 567 1231; x_wconf 86' lang='lat' dir='ltr'>et</span> <span class='ocrx_word' id='word_1_20' title='bbox 591 1154 752 1232; x_wconf 77' lang='lat' dir='ltr'><strong>facibus</strong></span> <span class='ocrx_word' id='word_1_21' title='bbox 779 1159 974 1233; x_wconf 75' lang='lat' dir='ltr'>coronat?</span> 
     </span>
    </p>
   </div>
   <div class='ocr_carea' id='block_1_3' title="bbox 188 1313 1005 1416">
    <p class='ocr_par' dir='ltr' id='par_1_5' title="bbox 188 1313 1005 1416">
     <span class='ocr_line' id='line_1_7' title="bbox 188 1313 1005 1416; baseline -0.001 -23"><span class='ocrx_word' id='word_1_22' title='bbox 188 1317 351 1393; x_wconf 88' lang='lat' dir='ltr'>Numen</span> <span class='ocrx_word' id='word_1_23' title='bbox 379 1338 615 1416; x_wconf 90' lang='lat' dir='ltr'>supremum</span> <span class='ocrx_word' id='word_1_24' title='bbox 643 1313 832 1391; x_wconf 89' lang='lat' dir='ltr'>considet</span> <span class='ocrx_word' id='word_1_25' title='bbox 857 1315 1005 1392; x_wconf 90' lang='lat' dir='ltr'>intimo</span> 
     </span>
    </p>
   </div>
   <div class='ocr_carea' id='block_1_4' title="bbox 187 1421 1040 1712">
    <p class='ocr_par' dir='ltr' id='par_1_6' title="bbox 187 1421 1040 1712">
     <span class='ocr_line' id='line_1_8' title="bbox 187 1421 1040 1522; baseline -0.001 -23"><span class='ocrx_word' id='word_1_26' title='bbox 187 1422 339 1499; x_wconf 87' lang='lat' dir='ltr'>Mentis</span> <span class='ocrx_word' id='word_1_27' title='bbox 367 1445 548 1498; x_wconf 92' lang='lat' dir='ltr'>recessu:</span> <span class='ocrx_word' id='word_1_28' title='bbox 579 1445 701 1519; x_wconf 92' lang='lat' dir='ltr'>quem</span> <span class='ocrx_word' id='word_1_29' title='bbox 729 1421 854 1497; x_wconf 91' lang='lat' dir='ltr'>timor</span> <span class='ocrx_word' id='word_1_30' title='bbox 882 1422 1040 1522; x_wconf 81' lang='lat' dir='ltr'>arguit?</span> 
     </span>
     <span class='ocr_line' id='line_1_9' title="bbox 240 1524 968 1627; baseline 0 -23"><span class='ocrx_word' id='word_1_31' title='bbox 240 1529 386 1605; x_wconf 83' lang='lat' dir='ltr'>Ferale</span> <span class='ocrx_word' id='word_1_32' title='bbox 415 1550 535 1627; x_wconf 92' lang='lat' dir='ltr'>quem</span> <span class='ocrx_word' id='word_1_33' title='bbox 564 1524 720 1624; x_wconf 84' lang='lat' dir='ltr'>frangit</span> <span class='ocrx_word' id='word_1_34' title='bbox 745 1527 968 1623; x_wconf 79' lang='lat' dir='ltr'>theatrum,</span> 
     </span>
     <span class='ocr_line' id='line_1_10' title="bbox 294 1632 876 1712; baseline -0.007 0"><span class='ocrx_word' id='word_1_35' title='bbox 294 1634 339 1712; x_wconf 82' lang='lat' dir='ltr'>Si</span> <span class='ocrx_word' id='word_1_36' title='bbox 367 1633 467 1709; x_wconf 91' lang='lat' dir='ltr'>deus</span> <span class='ocrx_word' id='word_1_37' title='bbox 495 1632 714 1709; x_wconf 82' lang='lat' dir='ltr'>auxiliator</span> <span class='ocrx_word' id='word_1_38' title='bbox 740 1632 876 1710; x_wconf 74' lang='lat' dir='ltr'>adsit?</span> 
     </span>
    </p>
   </div>
   <div class='ocr_carea' id='block_1_5' title="bbox 186 1790 980 2214">
    <p class='ocr_par' dir='ltr' id='par_1_7' title="bbox 187 1790 980 1894">
     <span class='ocr_line' id='line_1_11' title="bbox 187 1790 980 1894; baseline 0 -25"><span class='ocrx_word' id='word_1_39' title='bbox 187 1795 379 1894; x_wconf 84' lang='lat' dir='ltr'>Regnum</span> <span class='ocrx_word' id='word_1_40' title='bbox 406 1792 593 1885; x_wconf 80' lang='lat' dir='ltr'>labascit,</span> <span class='ocrx_word' id='word_1_41' title='bbox 623 1791 803 1892; x_wconf 89' lang='lat' dir='ltr'>proditio</span> <span class='ocrx_word' id='word_1_42' title='bbox 832 1790 980 1887; x_wconf 88' lang='lat' dir='ltr'>fremit,</span> 
     </span>
    </p>

    <p class='ocr_par' dir='ltr' id='par_1_8' title="bbox 186 1898 967 2214">
     <span class='ocr_line' id='line_1_12' title="bbox 186 1898 967 1998; baseline -0.003 -21"><span class='ocrx_word' id='word_1_43' title='bbox 186 1901 333 1977; x_wconf 88' lang='lat' dir='ltr'>Dirum</span> <span class='ocrx_word' id='word_1_44' title='bbox 359 1898 540 1980; x_wconf 83' lang='lat' dir='ltr'>minatur</span> <span class='ocrx_word' id='word_1_45' title='bbox 565 1898 712 1977; x_wconf 86' lang='lat' dir='ltr'>iuncta</span> <span class='ocrx_word' id='word_1_46' title='bbox 740 1899 967 1998; x_wconf 80' lang='lat' dir='ltr'>tyrannidi:</span> 
     </span>
     <span class='ocr_line' id='line_1_13' title="bbox 238 2005 867 2106; baseline 0 -24"><span class='ocrx_word' id='word_1_47' title='bbox 238 2007 419 2082; x_wconf 83' lang='lat' dir='ltr'>lmmota</span> <span class='ocrx_word' id='word_1_48' title='bbox 445 2005 519 2081; x_wconf 92' lang='lat' dir='ltr'>sed</span> <span class='ocrx_word' id='word_1_49' title='bbox 547 2005 652 2081; x_wconf 88' lang='lat' dir='ltr'>caeli</span> <span class='ocrx_word' id='word_1_50' title='bbox 681 2010 867 2106; x_wconf 89' lang='lat' dir='ltr'>potestas</span> 
     </span>
     <span class='ocr_line' id='line_1_14' title="bbox 293 2111 842 2214; baseline -0.005 -23"><span class='ocrx_word' id='word_1_51' title='bbox 293 2111 492 2214; x_wconf 87' lang='lat' dir='ltr'>Vipereas</span> <span class='ocrx_word' id='word_1_52' title='bbox 519 2111 724 2190; x_wconf 88' lang='lat' dir='ltr'>resecabit</span> <span class='ocrx_word' id='word_1_53' title='bbox 749 2111 842 2188; x_wconf 89' lang='lat' dir='ltr'>iras.</span> 
     </span>
    </p>
   </div>
   <div class='ocr_carea' id='block_1_6' title="bbox 184 2269 1037 2691">
    <p class='ocr_par' dir='ltr' id='par_1_9' title="bbox 184 2269 1037 2691">
     <span class='ocr_line' id='line_1_15' title="bbox 185 2269 999 2373; baseline 0.001 -26"><span class='ocrx_word' id='word_1_54' title='bbox 185 2273 354 2353; x_wconf 80' lang='lat' dir='ltr'>Tonans</span> <span class='ocrx_word' id='word_1_55' title='bbox 378 2269 616 2373; x_wconf 88' lang='lat' dir='ltr'>frequenter</span> <span class='ocrx_word' id='word_1_56' title='bbox 641 2269 819 2349; x_wconf 88' lang='lat' dir='ltr'>nubibus</span> <span class='ocrx_word' id='word_1_57' title='bbox 847 2270 999 2348; x_wconf 85' lang='lat' dir='ltr'>abdere</span> 
     </span>
     <span class='ocr_line' id='line_1_16' title="bbox 184 2375 942 2477; baseline 0.003 -23"><span class='ocrx_word' id='word_1_58' title='bbox 184 2378 358 2455; x_wconf 86' lang='lat' dir='ltr'>Vultum</span> <span class='ocrx_word' id='word_1_59' title='bbox 383 2377 555 2470; x_wconf 85' lang='lat' dir='ltr'>videtur,</span> <span class='ocrx_word' id='word_1_60' title='bbox 582 2401 736 2477; x_wconf 88' lang='lat' dir='ltr'>ponere</span> <span class='ocrx_word' id='word_1_61' title='bbox 758 2375 942 2469; x_wconf 86' lang='lat' dir='ltr'>fulmina,</span> 
     </span>
     <span class='ocr_line' id='line_1_17' title="bbox 238 2483 879 2560; baseline 0 -1"><span class='ocrx_word' id='word_1_62' title='bbox 238 2485 407 2559; x_wconf 80' lang='lat' dir='ltr'>Terrore</span> <span class='ocrx_word' id='word_1_63' title='bbox 435 2508 514 2560; x_wconf 90' lang='lat' dir='ltr'>nec</span> <span class='ocrx_word' id='word_1_64' title='bbox 541 2483 651 2559; x_wconf 89' lang='lat' dir='ltr'>tristi</span> <span class='ocrx_word' id='word_1_65' title='bbox 678 2490 879 2559; x_wconf 88' lang='lat' dir='ltr'>nocentes</span> 
     </span>
     <span class='ocr_line' id='line_1_18' title="bbox 292 2589 1037 2691; baseline 0 -25"><span class='ocrx_word' id='word_1_66' title='bbox 292 2589 502 2690; x_wconf 74' lang='lat' dir='ltr'>Supplicia</span> <span class='ocrx_word' id='word_1_67' title='bbox 530 2595 603 2666; x_wconf 84' lang='lat' dir='ltr'>aut</span> <span class='ocrx_word' id='word_1_68' title='bbox 628 2589 840 2687; x_wconf 59' lang='lat' dir='ltr'>grantate·</span> <span class='ocrx_word' id='word_1_69' title='bbox 862 2613 1037 2691; x_wconf 81' lang='lat' dir='ltr'>poena03</span> 
     </span>
    </p>
   </div>
   <div class='ocr_carea' id='block_1_7' title="bbox 183 2746 954 3172">
    <p class='ocr_par' dir='ltr' id='par_1_10' title="bbox 183 2746 952 3059">
     <span class='ocr_line' id='line_1_19' title="bbox 184 2746 897 2851; baseline 0.004 -27"><span class='ocrx_word' id='word_1_70' title='bbox 184 2748 244 2824; x_wconf 86' lang='lat' dir='ltr'>At</span> <span class='ocrx_word' id='word_1_71' title='bbox 269 2747 497 2851; x_wconf 83' lang='lat' dir='ltr'>perspicaci</span> <span class='ocrx_word' id='word_1_72' title='bbox 525 2746 729 2851; x_wconf 75' lang='lat' dir='ltr'>conspicit</span> <span class='ocrx_word' id='word_1_73' title='bbox 756 2746 897 2827; x_wconf 87' lang='lat' dir='ltr'>omnia</span> 
     </span>
     <span class='ocr_line' id='line_1_20' title="bbox 183 2855 952 2954; baseline 0.001 -23"><span class='ocrx_word' id='word_1_74' title='bbox 183 2855 286 2932; x_wconf 87' lang='lat' dir='ltr'>Visu</span> <span class='ocrx_word' id='word_1_75' title='bbox 313 2855 490 2931; x_wconf 88' lang='lat' dir='ltr'>latentes</span> <span class='ocrx_word' id='word_1_76' title='bbox 519 2858 562 2929; x_wconf 90' lang='lat' dir='ltr'>et</span> <span class='ocrx_word' id='word_1_77' title='bbox 588 2860 782 2954; x_wconf 88' lang='lat' dir='ltr'>penetrat</span> <span class='ocrx_word' id='word_1_78' title='bbox 808 2855 952 2933; x_wconf 83' lang='lat' dir='ltr'>fibras:</span> 
     </span>
     <span class='ocr_line' id='line_1_21' title="bbox 216 2959 914 3059; baseline 0 -23"><span class='ocrx_word' id='word_1_79' title='bbox 216 2961 322 3036; x_wconf 89' lang='lat' dir='ltr'>·Nec</span> <span class='ocrx_word' id='word_1_80' title='bbox 348 2959 577 3059; x_wconf 84' lang='lat' dir='ltr'>praemium</span> <span class='ocrx_word' id='word_1_81' title='bbox 605 2960 713 3035; x_wconf 85' lang='lat' dir='ltr'>desit</span> <span class='ocrx_word' id='word_1_82' title='bbox 737 2959 914 3036; x_wconf 91' lang='lat' dir='ltr'>merenti</span> 
     </span>
    </p>

    <p class='ocr_par' dir='ltr' id='par_1_11' title="bbox 287 3065 954 3172">
     <span class='ocr_line' id='line_1_22' title="bbox 287 3065 954 3172; baseline 0.001 -31"><span class='ocrx_word' id='word_1_83' title='bbox 287 3066 376 3143; x_wconf 91' lang='lat' dir='ltr'>Nec</span> <span class='ocrx_word' id='word_1_84' title='bbox 401 3065 506 3172; x_wconf 84' lang='lat' dir='ltr'>vitio</span> <span class='ocrx_word' id='word_1_85' title='bbox 533 3065 759 3169; x_wconf 87' lang='lat' dir='ltr'>scelerique</span> <span class='ocrx_word' id='word_1_86' title='bbox 786 3090 954 3143; x_wconf 85' lang='lat' dir='ltr'>merces.</span> 
     </span>
    </p>
   </div>
   <div class='ocr_carea' id='block_1_8' title="bbox 182 3223 1034 3620">
    <p class='ocr_par' dir='ltr' id='par_1_12' title="bbox 182 3223 1034 3620">
     <span class='ocr_line' id='line_1_23' title="bbox 182 3223 953 3326; baseline -0.001 -25"><span class='ocrx_word' id='word_1_87' title='bbox 182 3224 385 3305; x_wconf 86' lang='lat' dir='ltr'>Ducentis</span> <span class='ocrx_word' id='word_1_88' title='bbox 414 3223 470 3324; x_wconf 79' lang='lat' dir='ltr'>ad</span> <span class='ocrx_word' id='word_1_89' title='bbox 497 3249 542 3301; x_wconf 89' lang='lat' dir='ltr'>se</span> <span class='ocrx_word' id='word_1_90' title='bbox 570 3230 725 3304; x_wconf 87' lang='lat' dir='ltr'>cuncta</span> <span class='ocrx_word' id='word_1_91' title='bbox 751 3224 953 3326; x_wconf 90' lang='lat' dir='ltr'>pecuniae</span> 
     </span>
     <span class='ocr_line' id='line_1_24' title="bbox 186 3328 1034 3430; baseline -0.001 -21"><span class='ocrx_word' id='word_1_92' title='bbox 186 3330 256 3409; x_wconf 88' lang='lat' dir='ltr'>Vis</span> <span class='ocrx_word' id='word_1_93' title='bbox 282 3353 448 3430; x_wconf 80' lang='lat' dir='ltr'>magna,</span> <span class='ocrx_word' id='word_1_94' title='bbox 476 3354 614 3405; x_wconf 87' lang='lat' dir='ltr'>rerum</span> <span class='ocrx_word' id='word_1_95' title='bbox 642 3331 777 3409; x_wconf 88' lang='lat' dir='ltr'>maior</span> <span class='ocrx_word' id='word_1_96' title='bbox 805 3337 851 3409; x_wconf 91' lang='lat' dir='ltr'>at</span> <span class='ocrx_word' id='word_1_97' title='bbox 877 3328 1034 3425; x_wconf 83' lang='lat' dir='ltr'>arbitri,</span> 
     </span>
     <span class='ocr_line' id='line_1_25' title="bbox 235 3435 845 3528; baseline 0.002 -16"><span class='ocrx_word' id='word_1_98' title='bbox 235 3437 316 3528; x_wconf 83' lang='lat' dir='ltr'>Qui</span> <span class='ocrx_word' id='word_1_99' title='bbox 343 3435 492 3514; x_wconf 88' lang='lat' dir='ltr'>tetrica</span> <span class='ocrx_word' id='word_1_100' title='bbox 520 3437 709 3512; x_wconf 90' lang='lat' dir='ltr'>demersa</span> <span class='ocrx_word' id='word_1_101' title='bbox 734 3438 845 3513; x_wconf 90' lang='lat' dir='ltr'>mole</span> 
     </span>
     <span class='ocr_line' id='line_1_26' title="bbox 286 3541 879 3620; baseline 0.003 -2"><span class='ocrx_word' id='word_1_102' title='bbox 286 3544 400 3618; x_wconf 90' lang='lat' dir='ltr'>Luce</span> <span class='ocrx_word' id='word_1_103' title='bbox 427 3565 503 3618; x_wconf 89' lang='lat' dir='ltr'>sua</span> <span class='ocrx_word' id='word_1_104' title='bbox 528 3541 725 3618; x_wconf 83' lang='lat' dir='ltr'>irradiare</span> <span class='ocrx_word' id='word_1_105' title='bbox 751 3543 879 3620; x_wconf 82' lang='lat' dir='ltr'>novit.</span> 
     </span>
    </p>
   </div>
   <div class='ocr_carea' id='block_1_9' title="bbox 177 3699 966 4101">
    <p class='ocr_par' dir='ltr' id='par_1_13' title="bbox 177 3699 966 4101">
     <span class='ocr_line' id='line_1_27' title="bbox 178 3699 870 3803; baseline 0 -26"><span class='ocrx_word' id='word_1_106' title='bbox 178 3702 311 3779; x_wconf 90' lang='lat' dir='ltr'>Nemo</span> <span class='ocrx_word' id='word_1_107' title='bbox 340 3699 465 3777; x_wconf 92' lang='lat' dir='ltr'>cubili</span> <span class='ocrx_word' id='word_1_108' title='bbox 492 3700 560 3776; x_wconf 91' lang='lat' dir='ltr'>vel</span> <span class='ocrx_word' id='word_1_109' title='bbox 586 3702 870 3803; x_wconf 86' lang='lat' dir='ltr'>penetralibus</span> 
     </span>
     <span class='ocr_line' id='line_1_28' title="bbox 177 3806 917 3910; baseline 0 -26"><span class='ocrx_word' id='word_1_110' title='bbox 177 3808 324 3909; x_wconf 88' lang='lat' dir='ltr'>Longe</span> <span class='ocrx_word' id='word_1_111' title='bbox 351 3806 534 3883; x_wconf 88' lang='lat' dir='ltr'>reductis</span> <span class='ocrx_word' id='word_1_112' title='bbox 562 3831 606 3884; x_wconf 90' lang='lat' dir='ltr'>se</span> <span class='ocrx_word' id='word_1_113' title='bbox 633 3813 752 3910; x_wconf 90' lang='lat' dir='ltr'>putet</span> <span class='ocrx_word' id='word_1_114' title='bbox 780 3807 917 3901; x_wconf 87' lang='lat' dir='ltr'>eximi,</span> 
     </span>
     <span class='ocr_line' id='line_1_29' title="bbox 230 3913 966 4016; baseline -0.001 -25"><span class='ocrx_word' id='word_1_115' title='bbox 230 3915 409 4014; x_wconf 85' lang='lat' dir='ltr'>Fulgore</span> <span class='ocrx_word' id='word_1_116' title='bbox 436 3938 490 3989; x_wconf 92' lang='lat' dir='ltr'>ne</span> <span class='ocrx_word' id='word_1_117' title='bbox 517 3913 580 3990; x_wconf 90' lang='lat' dir='ltr'>sol</span> <span class='ocrx_word' id='word_1_118' title='bbox 607 3914 689 3989; x_wconf 92' lang='lat' dir='ltr'>huc</span> <span class='ocrx_word' id='word_1_119' title='bbox 716 3913 966 4016; x_wconf 88' lang='lat' dir='ltr'>propinquet</span> 
     </span>
     <span class='ocr_line' id='line_1_30' title="bbox 284 4019 958 4101; baseline 0.001 -5"><span class='ocrx_word' id='word_1_120' title='bbox 284 4022 340 4097; x_wconf 80' lang='lat' dir='ltr'>Et</span> <span class='ocrx_word' id='word_1_121' title='bbox 366 4019 515 4096; x_wconf 83' lang='lat' dir='ltr'>dubias</span> <span class='ocrx_word' id='word_1_122' title='bbox 542 4023 737 4097; x_wconf 85' lang='lat' dir='ltr'>tenebras</span> <span class='ocrx_word' id='word_1_123' title='bbox 766 4020 958 4101; x_wconf 80' lang='lat' dir='ltr'>resolvat.</span> 
     </span>
    </p>
   </div>
   <div class='ocr_carea' id='block_1_10' title="bbox 175 4177 980 4600">
    <p class='ocr_par' dir='ltr' id='par_1_14' title="bbox 175 4177 980 4482">
     <span class='ocr_line' id='line_1_31' title="bbox 175 4177 980 4280; baseline 0.004 -26"><span class='ocrx_word' id='word_1_124' title='bbox 175 4177 306 4255; x_wconf 75' lang='lat' dir='ltr'>Pnaus</span> <span class='ocrx_word' id='word_1_125' title='bbox 332 4177 451 4255; x_wconf 83' lang='lat' dir='ltr'>nulla</span> <span class='ocrx_word' id='word_1_126' title='bbox 472 4183 621 4271; x_wconf 83' lang='lat' dir='ltr'>terrae,</span> <span class='ocrx_word' id='word_1_127' title='bbox 648 4179 764 4257; x_wconf 78' lang='lat' dir='ltr'>nulla</span> <span class='ocrx_word' id='word_1_128' title='bbox 788 4178 980 4280; x_wconf 82' lang='lat' dir='ltr'>potentia</span> 
     </span>
     <span class='ocr_line' id='line_1_32' title="bbox 175 4283 908 4386; baseline 0.003 -25"><span class='ocrx_word' id='word_1_129' title='bbox 175 4283 334 4362; x_wconf 81' lang='lat' dir='ltr'>Arcera</span> <span class='ocrx_word' id='word_1_130' title='bbox 358 4285 500 4361; x_wconf 84' lang='lat' dir='ltr'>lumen</span> <span class='ocrx_word' id='word_1_131' title='bbox 526 4285 732 4362; x_wconf 84' lang='lat' dir='ltr'>sidereum</span> <span class='ocrx_word' id='word_1_132' title='bbox 758 4292 908 4386; x_wconf 83' lang='lat' dir='ltr'>petest,</span> 
     </span>
     <span class='ocr_line' id='line_1_33' title="bbox 231 4389 918 4482; baseline 0.004 -16"><span class='ocrx_word' id='word_1_133' title='bbox 231 4389 341 4482; x_wconf 81' lang='lat' dir='ltr'>Quin</span> <span class='ocrx_word' id='word_1_134' title='bbox 367 4391 531 4469; x_wconf 87' lang='lat' dir='ltr'>abditos</span> <span class='ocrx_word' id='word_1_135' title='bbox 559 4397 703 4469; x_wconf 87' lang='lat' dir='ltr'>cernat</span> <span class='ocrx_word' id='word_1_136' title='bbox 728 4417 918 4469; x_wconf 70' lang='lat' dir='ltr'>racemus</span> 
     </span>
    </p>

    <p class='ocr_par' dir='ltr' id='par_1_15' title="bbox 282 4495 980 4600">
     <span class='ocr_line' id='line_1_34' title="bbox 282 4495 980 4600; baseline 0.001 -26"><span class='ocrx_word' id='word_1_137' title='bbox 282 4495 424 4600; x_wconf 84' lang='lat' dir='ltr'>Atque</span> <span class='ocrx_word' id='word_1_138' title='bbox 446 4498 566 4575; x_wconf 88' lang='lat' dir='ltr'>oculo</span> <span class='ocrx_word' id='word_1_139' title='bbox 592 4497 807 4575; x_wconf 62' lang='lat' dir='ltr'>inmatur</span> <span class='ocrx_word' id='word_1_140' title='bbox 831 4522 980 4600; x_wconf 87' lang='lat' dir='ltr'>aequo.</span> 
     </span>
    </p>
   </div>
   <div class='ocr_carea' id='block_1_11' title="bbox 1153 4613 1189 4672">
    <p class='ocr_par' dir='ltr' id='par_1_16' title="bbox 1153 4613 1189 4672">
     <span class='ocr_line' id='line_1_35' title="bbox 1153 4613 1189 4672; baseline 0 -26"><span class='ocrx_word' id='word_1_141' title='bbox 1153 4613 1189 4672; x_wconf 70' lang='grc'>61</span> 
     </span>
    </p>
   </div>
   <div class='ocr_carea' id='block_1_12' title="bbox 0 0 1586 5154">
    <p class='ocr_par' dir='ltr' id='par_1_17' title="bbox 0 0 1586 5154">
     <span class='ocr_line' id='line_1_36' title="bbox 0 0 1586 5154; baseline 0 6"><span class='ocrx_word' id='word_1_142' title='bbox 0 0 1586 5154; x_wconf 95' lang='lat' dir='ltr'> </span> 
     </span>
    </p>
   </div>
  </div>
 </body>
</html>
