3164 5154
642 236 754 292 14-16.
1276 247 1338 304 127

24 400 107 509 'ut
134 457 263 532 grave
291 459 385 508 cum
414 432 526 509 dulci
553 434 682 509 nardo
711 459 761 510 ao
788 433 951 510 blandis
978 435 1214 532 hyacinthis

165 539 302 639 Caput
328 564 513 640 papaver
540 540 673 640 erigit.

56 643 294 722 Accurrunt
319 647 528 747 nymphae
557 653 784 746 texuntque
812 647 997 722 recentia
1026 656 1145 740 serta,

166 753 323 829 Vertex
350 754 534 853 superbit
561 754 739 829 floribus

56 857 243 936 Iucundo
272 861 460 936 volucres
489 861 741 959 hymenaeos
771 860 951 936 carmine
980 862 1159 954 laudant,

163 967 246 1041 Per
272 973 393 1068 prata
419 967 585 1044 lascivit
611 993 749 1067 pecus.

55 1071 211 1149 Omnia
238 1099 349 1149 nuno
376 1073 531 1165 vivunt,
558 1100 669 1148 nunc
696 1073 1016 1150 formosissimus
1045 1101 1176 1151 armus

165 1181 220 1255 Et
245 1181 357 1257 laeta
384 1181 492 1256 veris
521 1187 719 1281 tempora.

53 1283 194 1361 Anxie
224 1289 324 1363 cede
352 1288 480 1379 labor,
511 1312 634 1363 curae
662 1289 805 1386 procul
833 1294 919 1362 este
946 1288 1160 1386 profanae:

166 1393 323 1471 Diebus
351 1395 416 1469 his
445 1395 566 1470 decet
592 1395 681 1469 frui.

55 1499 216 1574 Tristia
244 1526 297 1577 ne
325 1514 531 1592 moveant,
559 1503 731 1600 cyathos
760 1502 840 1576 huo
868 1500 971 1577 ferte
1000 1500 1176 1577 ministri

166 1608 220 1680 Et
247 1606 418 1707 Cyprias
447 1608 572 1708 capiti
599 1633 725 1684 rosas.

655 2116 751 2181 XVI.

117 2296 462 2375 DETESTATIO
500 2296 651 2372 BELLI
689 2295 854 2372 INTER
892 2295 1269 2379 CHRISTIANOS.

63 2475 253 2578 Septima
281 2472 364 2549 iam
392 2473 537 2549 teritur
564 2474 683 2550 bellis
713 2474 944 2549 crudelibus
974 2484 1109 2552 aestas
1200 2494 1249 2548 fol.
1268 2497 1325 2551 57¹·

168 2584 224 2657 Et
251 2579 477 2656 Christiani
506 2581 659 2657 viribus
687 2587 864 2680 pereunt
891 2581 984 2658 suis.

61 2691 173 2768 Hinc
204 2687 348 2764 Gallus
376 2687 520 2781 saevit,
550 2687 685 2763 tendit
714 2687 938 2763 Germania
966 2693 1124 2780 contra,

171 2795 395 2870 Britannus
424 2794 520 2870 inde
550 2801 593 2871 et
619 2796 802 2870 Batavus
831 2793 1008 2893 insurgit
1035 2795 1140 2869 mari

65 2904 128 2982 Ao
157 2910 281 2979 terra.
339 2901 537 2977 Flammis
565 2902 758 2977 villarum
788 2900 968 2975 culmina
996 2900 1159 2977 fumant

171 3011 226 3085 Et
253 3006 425 3100 urbium,
456 3016 683 3085 exuruntur
710 3009 863 3085 iniecta
891 3006 992 3098 face,

67 3119 182 3211 Quae
211 3115 419 3216 quondam
447 3115 638 3191 manibus
669 3121 891 3191 censentur
918 3120 1075 3190 structa
1103 3116 1273 3191 deorum

174 3221 378 3298 Timuisse
405 3246 630 3322 numquam
658 3220 852 3298 incendia
879 3228 951 3296 aut
977 3218 1136 3297 fulmen
1164 3223 1286 3299 lovis.
1324 3278 1339 3317 ,

67 3333 281 3433 Hispanus
310 3328 432 3403 simul
460 3354 575 3405 arma
603 3329 716 3429 capit
742 3327 1003 3429 patriamque
1031 3335 1191 3424 tuetur;

174 3436 359 3512 Foedere
388 3434 548 3511 recedit
573 3434 787 3527 Allobrox,
816 3435 910 3535 paci
940 3435 1090 3527 studet,

69 3543 248 3623 Servitio
278 3542 351 3618 sed
379 3567 422 3617 se
451 3541 614 3617 subdit:
643 3567 788 3643 parere
818 3542 992 3632 decebit,

177 3647 386 3749 Quidquid
413 3648 624 3749 placuerit,
653 3649 719 3724 cui
745 3649 870 3724 nimis
898 3648 1014 3739 favit,
1045 3647 1149 3722 duci.

70 3756 130 3835 At
158 3756 269 3832 Dani
298 3761 341 3831 et
369 3754 562 3842 Sueones‚
591 3756 777 3856 quamvis
806 3755 998 3830 addicere
1026 3754 1148 3830 nullis

178 3863 231 3938 Se
258 3861 445 3963 partibus
473 3863 702 3955 videantur,
734 3862 899 3938 auxiliis
926 3863 1082 3937 iuvant.

68 3971 182 4048 Dum
210 3967 490 4045 fundamentis
520 3969 644 4045 aedes
671 3976 888 4046 vertuntur
916 3971 968 4044 ab
997 3966 1103 4059 imis,

180 4077 361 4153 Vetusta
389 4075 529 4151 divum
557 4078 715 4177 templa
742 4079 1018 4177 procumbunt
1045 4074 1159 4149 humi
1318 4127 1344 4166 „

70 4184 128 4261 Et
156 4183 301 4260 calidis
329 4182 510 4258 lacrimis
537 4184 703 4283 plorant
731 4210 805 4260 sua
835 4185 986 4258 damna
1014 4181 1170 4257 coloni:

180 4289 248 4367 Ab
276 4289 462 4367 hostibus
491 4288 678 4365 ridentur
706 4298 748 4367 et
774 4291 921 4391 plagas
948 4288 1095 4365 ferunt.

71 4398 199 4476 Nulla
225 4396 324 4473 viris
352 4396 487 4496 pietas
515 4422 721 4496 umquam,
750 4397 959 4473 miseratio
988 4395 1112 4485 nulla,

183 4504 297 4594 Quos
326 4527 450 4579 saeva
478 4504 623 4581 Martis
653 4511 789 4580 castra
818 4504 1000 4579 delectat
1027 4499 1152 4601 sequi.
1316 4551 1345 4591 ,ο
