3164 5154
708 243 913 301 SILVARUM

781 547 843 615 XL

358 758 639 839 CALUMNIA
669 758 1018 839 INNOCENTES
1046 760 1260 839 PREMIT.

1296 884 1392 940 1111·-
1446 938 1448 969 Ι

176 974 284 1066 Quid
302 1000 368 1050 me
387 973 654 1074 persequeris,
675 973 774 1073 quid
791 998 997 1074 properas,
1018 999 1145 1050 caeca
1159 975 1374 1050 calumnia?
1446 1006 1448 1053 1

175 1082 284 1173 Quid
311 1081 467 1155 moliris
496 1081 637 1156 iners?
667 1104 746 1180 quo
775 1081 955 1179 raperis?
984 1106 1064 1180 quo
1094 1081 1180 1156 mis
1209 1081 1376 1181 impetu?
1446 1092 1448 1153 ἓ

170 1189 263 1265 Non
291 1187 394 1263 iram
422 1187 551 1262 merui
578 1211 656 1262 nec
685 1187 850 1263 sceleris
880 1211 969 1261 sum
996 1187 1099 1262 mihi
1127 1189 1326 1264 conscius.

173 1295 319 1371 Insons
336 1294 590 1394 opprimitur,
607 1293 704 1368 dum
718 1293 908 1369 manibus
924 1301 1087 1394 sceptra
1100 1300 1219 1371 tenet
1231 1320 1376 1371 nocens.
1395 1347 1403 1383 ,

172 1402 266 1477 Heu
293 1401 421 1476 vitam
450 1400 662 1476 miseram!
692 1399 951 1501 supplicium,
979 1408 1142 1478 maesta
1167 1403 1376 1478 necessitas

170 1508 267 1583 Dici
297 1515 370 1584 aut
397 1532 506 1582 mors
535 1507 672 1606 potius
702 1506 900 1583 debueras
929 1531 1097 1607 parcere
1124 1508 1281 1584 nescia.

169 1616 381 1715 Nusquam
409 1621 501 1689 tuta
528 1614 640 1706 fides,
670 1639 763 1689 rara
790 1613 925 1713 quies:
957 1613 1136 1689 difficilis
1163 1616 1282 1691 labor

171 1722 326 1798 Omnes
357 1719 552 1819 exagitat,
582 1745 717 1820 poena
745 1719 905 1821 premit,
935 1721 1119 1822 pluribus
1147 1721 1358 1797 imminent
1397 1770 1405 1807 Β

172 1828 322 1903 Clades
351 1827 563 1903 terribiles.
620 1824 758 1902 Anxia
787 1852 880 1927 spes
908 1833 1081 1926 torquet,
1110 1852 1227 1904 amor
1254 1828 1354 1903 iacet

174 1933 238 2010 Ac
267 1934 404 2034 plorat
431 1935 600 2033 querula
627 1959 729 2009 voce
757 1958 928 2033 gemens
956 1934 1122 2035 propria
1148 1934 1303 2019 funera,

170 2041 293 2117 Iustis
322 2041 464 2139 lingua
491 2065 643 2117 nocens
672 2041 769 2115 dum
797 2041 948 2117 tacitas
977 2040 1147 2117 insidias
1176 2043 1307 2117 'struit

171 2149 288 2223 Haec
316 2147 454 2247 prodit
481 2148 640 2246 patriae
668 2148 768 2238 iura,
797 2173 889 2225 reos
918 2148 1057 2225 evehit
1085 2153 1127 2223 et
1153 2148 1248 2224 loco
1392 2195 1409 2233 ι,

174 2254 352 2330 Sublimi
381 2253 539 2347 statuit,
568 2257 719 2355 probra
746 2254 858 2347 iacit,
889 2255 1065 2330 candida
1093 2255 1285 2354 denigrat

172 2362 226 2435 Et
256 2359 385 2459 nigris
414 2360 595 2459 speciem
625 2362 697 2437 dat
722 2361 897 2437 niveam.
953 2361 1133 2437 Nomina
1160 2361 1322 2437 crimini

175 2466 354 2542 Virtutis
382 2467 543 2561 tribuit;
571 2467 641 2567 qui
669 2467 841 2567 pavidus
868 2468 1014 2543 Martis
1043 2470 1095 2544 ab
1124 2469 1216 2545 alea

171 2573 351 2672 Diffugit
378 2573 550 2675 trepide,
582 2575 788 2651 consuluit
813 2600 898 2650 non
925 2575 1069 2650 timide
1097 2575 1186 2667 sibi,
1394 2619 1410 2660 ,ς

172 2680 340 2755 Evitare
370 2687 486 2756 catus
515 2680 691 2756 sollicite
720 2688 833 2756 certa
860 2681 1052 2781 pericula.

174 2787 278 2862 Cum
307 2787 475 2863 laudare
504 2790 655 2886 probos
684 2788 911 2879 conveniat,
938 2787 1008 2862 vix
1036 2787 1182 2863 didicit
1208 2786 1329 2887 loqui.

173 2893 345 2968 Terram
365 2893 463 2969 hinc
484 2893 726 2969 concutiunt
743 2894 864 2985 bella,
886 2895 980 2981 doli,
1001 2893 1136 2993 iurgia
1151 2895 1383 2994 principum.

173 3001 255 3075 Res
284 3000 455 3075 monstri
482 3000 638 3075 rabiem
666 3001 781 3077 nulla
808 3002 949 3077 domat
976 3026 1099 3100 quarn
1126 3001 1340 3101 patientia,
1392 3046 1412 3087 a

174 3106 318 3182 Robur
344 3107 453 3183 laeto
483 3107 620 3183 animo
650 3133 777 3183 sume:
806 3109 937 3183 scelus
967 3107 1160 3207 corripiet
1189 3109 1298 3184 deuo.

765 3757 848 3823 XII.

324 3977 552 4056 FORMAM
579 3975 772 4054 TUMOR
799 3975 916 4053 NON
946 3972 1301 4053 COMMENDAT.

445 4192 577 4267 Grata
604 4188 769 4264 mortali
797 4189 939 4289 generi
967 4193 1185 4264 venustas:
1298 4201 1337 4257 fol
1359 4197 1400 4255 67*-

442 4298 595 4373 Lilium
623 4296 780 4386 frontis,
811 4320 903 4370 rosa
932 4294 1063 4371 dulcis
1091 4294 1184 4389 oris,

442 4405 554 4481 Luce
581 4403 785 4503 fulgentes
814 4401 921 4478 oculi
951 4427 1093 4478 serena

549 4509 674 4587 Astra
701 4509 901 4598 videntur,
