<?xml version="1.0" encoding="UTF-8"?>
<!DOCTYPE html PUBLIC "-//W3C//DTD XHTML 1.0 Transitional//EN"
    "http://www.w3.org/TR/xhtml1/DTD/xhtml1-transitional.dtd">
<html xmlns="http://www.w3.org/1999/xhtml" xml:lang="en" lang="en">
 <head>
  <title>
</title>
<meta http-equiv="Content-Type" content="text/html;charset=utf-8" />
  <meta name='ocr-system' content='tesseract 3.04.00' />
  <meta name='ocr-capabilities' content='ocr_page ocr_carea ocr_par ocr_line ocrx_word'/>
</head>
<body>
  <div class='ocr_page' id='page_1' title='image "./psimonrettenbac00lehngoog/psimonrettenbac00lehngoog_0314.png"; bbox 0 0 3164 5154; ppageno 0'>
   <div class='ocr_carea' id='block_1_1' title="bbox 599 225 1352 295">
    <p class='ocr_par' dir='ltr' id='par_1_1' title="bbox 599 225 1352 295">
     <span class='ocr_line' id='line_1_1' title="bbox 599 225 1352 295; baseline -0.003 -11"><span class='ocrx_word' id='word_1_1' title='bbox 599 225 674 284; x_wconf 79' lang='grc' dir='ltr'>ΗΒ.</span> <span class='ocrx_word' id='word_1_2' title='bbox 692 227 728 284; x_wconf 89' lang='lat' dir='ltr'>V.</span> <span class='ocrx_word' id='word_1_3' title='bbox 748 228 830 284; x_wconf 79' lang='grc'><strong>1-8.</strong></span> <span class='ocrx_word' id='word_1_4' title='bbox 1287 237 1352 295; x_wconf 80' lang='lat'>241</span> 
     </span>
    </p>
   </div>
   <div class='ocr_carea' id='block_1_2' title="bbox 175 426 1344 839">
    <p class='ocr_par' dir='ltr' id='par_1_2' title="bbox 177 426 1204 637">
     <span class='ocr_line' id='line_1_2' title="bbox 177 426 1204 527; baseline -0.001 -23"><span class='ocrx_word' id='word_1_5' title='bbox 177 429 226 504; x_wconf 93' lang='lat' dir='ltr'>In</span> <span class='ocrx_word' id='word_1_6' title='bbox 255 427 476 505; x_wconf 85' lang='lat' dir='ltr'>Caesarem</span> <span class='ocrx_word' id='word_1_7' title='bbox 505 452 621 504; x_wconf 87' lang='lat' dir='ltr'>arma</span> <span class='ocrx_word' id='word_1_8' title='bbox 648 452 811 503; x_wconf 90' lang='lat' dir='ltr'>sumere</span> <span class='ocrx_word' id='word_1_9' title='bbox 838 426 909 502; x_wconf 92' lang='lat' dir='ltr'>ubi</span> <span class='ocrx_word' id='word_1_10' title='bbox 936 434 1059 527; x_wconf 87' lang='lat' dir='ltr'>rupto</span> <span class='ocrx_word' id='word_1_11' title='bbox 1088 427 1204 503; x_wconf 88' lang='lat' dir='ltr'>iubet</span> 
     </span>
     <span class='ocr_line' id='line_1_3' title="bbox 281 533 933 637; baseline -0.005 -26"><span class='ocrx_word' id='word_1_12' title='bbox 281 535 489 637; x_wconf 88' lang='lat' dir='ltr'>Populum</span> <span class='ocrx_word' id='word_1_13' title='bbox 518 534 728 610; x_wconf 84' lang='lat' dir='ltr'>infidelem</span> <span class='ocrx_word' id='word_1_14' title='bbox 756 533 933 610; x_wconf 83' lang='lat' dir='ltr'>foedere.</span> 
     </span>
    </p>

    <p class='ocr_par' dir='ltr' id='par_1_3' title="bbox 175 639 1344 839">
     <span class='ocr_line' id='line_1_4' title="bbox 175 639 1153 742; baseline -0.002 -25"><span class='ocrx_word' id='word_1_15' title='bbox 175 642 403 742; x_wconf 81' lang='lat' dir='ltr'>Praesagia</span> <span class='ocrx_word' id='word_1_16' title='bbox 431 641 557 740; x_wconf 83' lang='lat' dir='ltr'>igitur</span> <span class='ocrx_word' id='word_1_17' title='bbox 584 666 693 734; x_wconf 89' lang='lat' dir='ltr'>vera,</span> <span class='ocrx_word' id='word_1_18' title='bbox 721 666 806 716; x_wconf 92' lang='lat' dir='ltr'>non</span> <span class='ocrx_word' id='word_1_19' title='bbox 832 641 1015 716; x_wconf 85' lang='lat' dir='ltr'>mendax</span> <span class='ocrx_word' id='word_1_20' title='bbox 1040 639 1153 715; x_wconf 88' lang='lat' dir='ltr'>furor</span> 
     </span>
     <span class='ocr_line' id='line_1_5' title="bbox 282 747 1344 839; baseline -0.004 -14"><span class='ocrx_word' id='word_1_21' title='bbox 282 750 369 825; x_wconf 90' lang='lat' dir='ltr'>Nec</span> <span class='ocrx_word' id='word_1_22' title='bbox 397 748 502 825; x_wconf 83' lang='lat' dir='ltr'>falsa</span> <span class='ocrx_word' id='word_1_23' title='bbox 528 754 672 825; x_wconf 87' lang='lat' dir='ltr'>vatum</span> <span class='ocrx_word' id='word_1_24' title='bbox 701 747 873 823; x_wconf 90' lang='lat' dir='ltr'>somnia.</span> <span class='ocrx_word' id='word_1_25' title='bbox 1315 799 1344 839; x_wconf 80' lang='lat' dir='ltr'>u</span> 
     </span>
    </p>
   </div>
   <div class='ocr_carea' id='block_1_3' title="bbox 631 1008 791 1021">
    <p class='ocr_par' dir='ltr' id='par_1_4' title="bbox 631 1008 791 1021">
     <span class='ocr_line' id='line_1_6' title="bbox 631 1008 791 1021; baseline -0.006 0"><span class='ocrx_word' id='word_1_26' title='bbox 631 1008 791 1021; x_wconf 61' lang='lat' dir='ltr'>—ah-——n-</span> 
     </span>
    </p>
   </div>
   <div class='ocr_carea' id='block_1_4' title="bbox 681 1240 743 1305">
    <p class='ocr_par' dir='ltr' id='par_1_5' title="bbox 681 1240 743 1305">
     <span class='ocr_line' id='line_1_7' title="bbox 681 1240 743 1305; baseline -0.016 0"><span class='ocrx_word' id='word_1_27' title='bbox 681 1240 743 1305; x_wconf 91' lang='lat' dir='ltr'>III.</span> 
     </span>
    </p>
   </div>
   <div class='ocr_carea' id='block_1_5' title="bbox 504 1438 920 1516">
    <p class='ocr_par' dir='ltr' id='par_1_6' title="bbox 504 1438 920 1516">
     <span class='ocr_line' id='line_1_8' title="bbox 504 1438 920 1516; baseline -0.002 -2"><span class='ocrx_word' id='word_1_28' title='bbox 504 1438 920 1516; x_wconf 87' lang='lat' dir='ltr'>PEREGRINATIO.</span> 
     </span>
    </p>
   </div>
   <div class='ocr_carea' id='block_1_6' title="bbox 178 1632 1350 4613">
    <p class='ocr_par' dir='ltr' id='par_1_7' title="bbox 179 1632 1330 1839">
     <span class='ocr_line' id='line_1_9' title="bbox 179 1632 1330 1733; baseline -0.003 -25"><span class='ocrx_word' id='word_1_29' title='bbox 179 1634 331 1709; x_wconf 90' lang='lat' dir='ltr'>Aliena</span> <span class='ocrx_word' id='word_1_30' title='bbox 358 1634 465 1709; x_wconf 90' lang='lat' dir='ltr'>vises</span> <span class='ocrx_word' id='word_1_31' title='bbox 494 1658 635 1731; x_wconf 88' lang='lat' dir='ltr'>regna,</span> <span class='ocrx_word' id='word_1_32' title='bbox 664 1632 873 1733; x_wconf 89' lang='lat' dir='ltr'>peregrini</span> <span class='ocrx_word' id='word_1_33' title='bbox 903 1633 979 1708; x_wconf 93' lang='lat' dir='ltr'>soli</span> <span class='ocrx_word' id='word_1_34' title='bbox 1189 1647 1330 1706; x_wconf 67' lang='lat' dir='ltr'>f01.1071·</span> 
     </span>
     <span class='ocr_line' id='line_1_10' title="bbox 285 1739 851 1839; baseline 0 -25"><span class='ocrx_word' id='word_1_35' title='bbox 285 1741 458 1832; x_wconf 87' lang='lat' dir='ltr'>Munita,</span> <span class='ocrx_word' id='word_1_36' title='bbox 490 1741 644 1839; x_wconf 87' lang='lat' dir='ltr'>Crispe,</span> <span class='ocrx_word' id='word_1_37' title='bbox 673 1739 851 1814; x_wconf 91' lang='lat' dir='ltr'>moenia.</span> 
     </span>
    </p>

    <p class='ocr_par' dir='ltr' id='par_1_8' title="bbox 180 1844 1250 2053">
     <span class='ocr_line' id='line_1_11' title="bbox 180 1844 1250 1946; baseline -0.002 -23"><span class='ocrx_word' id='word_1_38' title='bbox 180 1846 386 1923; x_wconf 87' lang='lat' dir='ltr'>Stolidum</span> <span class='ocrx_word' id='word_1_39' title='bbox 405 1846 565 1921; x_wconf 89' lang='lat' dir='ltr'>videbis</span> <span class='ocrx_word' id='word_1_40' title='bbox 593 1845 825 1946; x_wconf 86' lang='lat' dir='ltr'>principum</span> <span class='ocrx_word' id='word_1_41' title='bbox 851 1844 1003 1921; x_wconf 86' lang='lat' dir='ltr'>fastum</span> <span class='ocrx_word' id='word_1_42' title='bbox 1033 1853 1075 1922; x_wconf 89' lang='lat' dir='ltr'>et</span> <span class='ocrx_word' id='word_1_43' title='bbox 1099 1846 1250 1922; x_wconf 91' lang='lat' dir='ltr'>ducum</span> 
     </span>
     <span class='ocr_line' id='line_1_12' title="bbox 284 1951 844 2053; baseline -0.004 -26"><span class='ocrx_word' id='word_1_44' title='bbox 284 1951 412 2029; x_wconf 85' lang='lat' dir='ltr'>Asiae</span> <span class='ocrx_word' id='word_1_45' title='bbox 439 1954 694 2053; x_wconf 87' lang='lat' dir='ltr'>propinquus</span> <span class='ocrx_word' id='word_1_46' title='bbox 722 1952 844 2028; x_wconf 89' lang='lat' dir='ltr'>litori.</span> 
     </span>
    </p>

    <p class='ocr_par' dir='ltr' id='par_1_9' title="bbox 178 2059 1103 2267">
     <span class='ocr_line' id='line_1_13' title="bbox 178 2059 1103 2159; baseline -0.002 -24"><span class='ocrx_word' id='word_1_47' title='bbox 178 2060 298 2135; x_wconf 92' lang='lat' dir='ltr'>Nudo</span> <span class='ocrx_word' id='word_1_48' title='bbox 328 2060 514 2159; x_wconf 75' lang='lat' dir='ltr'>stupebis</span> <span class='ocrx_word' id='word_1_49' title='bbox 541 2059 690 2135; x_wconf 87' lang='lat' dir='ltr'>vertici</span> <span class='ocrx_word' id='word_1_50' title='bbox 717 2059 906 2134; x_wconf 85' lang='lat' dir='ltr'>innixum</span> <span class='ocrx_word' id='word_1_51' title='bbox 935 2059 1103 2158; x_wconf 86' lang='lat' dir='ltr'>globum</span> 
     </span>
     <span class='ocr_line' id='line_1_14' title="bbox 286 2166 894 2267; baseline 0.002 -27"><span class='ocrx_word' id='word_1_52' title='bbox 286 2167 340 2243; x_wconf 83' lang='lat' dir='ltr'>Et</span> <span class='ocrx_word' id='word_1_53' title='bbox 367 2167 463 2242; x_wconf 92' lang='lat' dir='ltr'>inde</span> <span class='ocrx_word' id='word_1_54' title='bbox 490 2166 653 2267; x_wconf 91' lang='lat' dir='ltr'>plumas</span> <span class='ocrx_word' id='word_1_55' title='bbox 680 2167 894 2266; x_wconf 89' lang='lat' dir='ltr'>pendulas,</span> 
     </span>
    </p>

    <p class='ocr_par' dir='ltr' id='par_1_10' title="bbox 180 2272 1130 2480">
     <span class='ocr_line' id='line_1_15' title="bbox 180 2272 1130 2372; baseline 0 -23"><span class='ocrx_word' id='word_1_56' title='bbox 180 2272 338 2349; x_wconf 80' lang='lat' dir='ltr'>Graves</span> <span class='ocrx_word' id='word_1_57' title='bbox 369 2274 527 2349; x_wconf 89' lang='lat' dir='ltr'>catenis</span> <span class='ocrx_word' id='word_1_58' title='bbox 555 2297 722 2372; x_wconf 90' lang='lat' dir='ltr'>gemere</span> <span class='ocrx_word' id='word_1_59' title='bbox 751 2298 890 2349; x_wconf 82' lang='lat' dir='ltr'>servos</span> <span class='ocrx_word' id='word_1_60' title='bbox 918 2274 993 2348; x_wconf 91' lang='lat' dir='ltr'>sub</span> <span class='ocrx_word' id='word_1_61' title='bbox 1022 2273 1130 2372; x_wconf 85' lang='lat' dir='ltr'>iugc,</span> 
     </span>
     <span class='ocr_line' id='line_1_16' title="bbox 285 2380 841 2480; baseline 0.002 -25"><span class='ocrx_word' id='word_1_62' title='bbox 285 2380 449 2457; x_wconf 91' lang='lat' dir='ltr'>Deflere</span> <span class='ocrx_word' id='word_1_63' title='bbox 478 2380 639 2456; x_wconf 89' lang='lat' dir='ltr'>cladem</span> <span class='ocrx_word' id='word_1_64' title='bbox 666 2381 841 2480; x_wconf 89' lang='lat' dir='ltr'>patriae.</span> 
     </span>
    </p>

    <p class='ocr_par' dir='ltr' id='par_1_11' title="bbox 180 2486 925 2670">
     <span class='ocr_line' id='line_1_17' title="bbox 180 2486 925 2577; baseline -0.003 -15"><span class='ocrx_word' id='word_1_65' title='bbox 180 2487 240 2563; x_wconf 84' lang='lat' dir='ltr'>At</span> <span class='ocrx_word' id='word_1_66' title='bbox 266 2487 386 2563; x_wconf 88' lang='lat' dir='ltr'>flabit</span> <span class='ocrx_word' id='word_1_67' title='bbox 413 2511 514 2562; x_wconf 90' lang='lat' dir='ltr'>aura</span> <span class='ocrx_word' id='word_1_68' title='bbox 541 2487 692 2577; x_wconf 88' lang='lat' dir='ltr'>mitior,</span> <span class='ocrx_word' id='word_1_69' title='bbox 721 2487 825 2562; x_wconf 92' lang='lat' dir='ltr'>fines</span> <span class='ocrx_word' id='word_1_70' title='bbox 854 2486 925 2561; x_wconf 89' lang='lat' dir='ltr'>ubi</span> 
     </span>
     <span class='ocr_line' id='line_1_18' title="bbox 285 2593 862 2670; baseline -0.005 -1"><span class='ocrx_word' id='word_1_71' title='bbox 285 2596 442 2670; x_wconf 88' lang='lat' dir='ltr'>Laetae</span> <span class='ocrx_word' id='word_1_72' title='bbox 470 2593 625 2670; x_wconf 89' lang='lat' dir='ltr'>subibis</span> <span class='ocrx_word' id='word_1_73' title='bbox 653 2593 862 2668; x_wconf 88' lang='lat' dir='ltr'>Persidos:</span> 
     </span>
    </p>

    <p class='ocr_par' dir='ltr' id='par_1_12' title="bbox 180 2699 1106 2900">
     <span class='ocr_line' id='line_1_19' title="bbox 180 2699 1106 2802; baseline -0.003 -25"><span class='ocrx_word' id='word_1_74' title='bbox 180 2701 372 2777; x_wconf 88' lang='lat' dir='ltr'>Amoena</span> <span class='ocrx_word' id='word_1_75' title='bbox 399 2707 542 2776; x_wconf 85' lang='lat' dir='ltr'>vatum</span> <span class='ocrx_word' id='word_1_76' title='bbox 571 2701 759 2802; x_wconf 92' lang='lat' dir='ltr'>protinus</span> <span class='ocrx_word' id='word_1_77' title='bbox 789 2699 931 2797; x_wconf 87' lang='lat' dir='ltr'>cinget</span> <span class='ocrx_word' id='word_1_78' title='bbox 958 2701 1106 2775; x_wconf 82' lang='lat' dir='ltr'>cohors</span> 
     </span>
     <span class='ocr_line' id='line_1_20' title="bbox 286 2806 852 2900; baseline -0.004 -18"><span class='ocrx_word' id='word_1_79' title='bbox 286 2808 409 2882; x_wconf 90' lang='lat' dir='ltr'>Dulci</span> <span class='ocrx_word' id='word_1_80' title='bbox 438 2808 622 2882; x_wconf 88' lang='lat' dir='ltr'>salutans</span> <span class='ocrx_word' id='word_1_81' title='bbox 653 2806 852 2900; x_wconf 91' lang='lat' dir='ltr'>carmine;</span> 
     </span>
    </p>

    <p class='ocr_par' dir='ltr' id='par_1_13' title="bbox 181 2914 984 3121">
     <span class='ocr_line' id='line_1_21' title="bbox 181 2914 984 3013; baseline -0.007 -20"><span class='ocrx_word' id='word_1_82' title='bbox 181 2914 382 2993; x_wconf 82' lang='lat' dir='ltr'>Convivio</span> <span class='ocrx_word' id='word_1_83' title='bbox 411 2914 499 3013; x_wconf 90' lang='lat' dir='ltr'>ipse</span> <span class='ocrx_word' id='word_1_84' title='bbox 529 2914 676 2988; x_wconf 89' lang='lat' dir='ltr'>ductor</span> <span class='ocrx_word' id='word_1_85' title='bbox 703 2914 884 3012; x_wconf 87' lang='lat' dir='ltr'>excipiet</span> <span class='ocrx_word' id='word_1_86' title='bbox 911 2937 984 2987; x_wconf 88' lang='lat' dir='ltr'>suo</span> 
     </span>
     <span class='ocr_line' id='line_1_22' title="bbox 289 3020 912 3121; baseline -0.003 -25"><span class='ocrx_word' id='word_1_87' title='bbox 289 3020 451 3119; x_wconf 80' lang='lat' dir='ltr'>Cyatho</span> <span class='ocrx_word' id='word_1_88' title='bbox 482 3021 627 3121; x_wconf 84' lang='lat' dir='ltr'>capaci</span> <span class='ocrx_word' id='word_1_89' title='bbox 654 3021 912 3120; x_wconf 82' lang='lat' dir='ltr'>praebiberis.</span> 
     </span>
    </p>

    <p class='ocr_par' dir='ltr' id='par_1_14' title="bbox 180 3126 1350 3310">
     <span class='ocr_line' id='line_1_23' title="bbox 180 3126 1159 3227; baseline -0.003 -24"><span class='ocrx_word' id='word_1_90' title='bbox 180 3128 307 3203; x_wconf 89' lang='lat' dir='ltr'>Indos</span> <span class='ocrx_word' id='word_1_91' title='bbox 336 3134 453 3227; x_wconf 92' lang='lat' dir='ltr'>petes</span> <span class='ocrx_word' id='word_1_92' title='bbox 482 3127 591 3217; x_wconf 87' lang='lat' dir='ltr'>hinc,</span> <span class='ocrx_word' id='word_1_93' title='bbox 622 3127 780 3201; x_wconf 89' lang='lat' dir='ltr'>luteum</span> <span class='ocrx_word' id='word_1_94' title='bbox 809 3126 995 3202; x_wconf 82' lang='lat' dir='ltr'>Aurorae</span> <span class='ocrx_word' id='word_1_95' title='bbox 1023 3134 1159 3202; x_wconf 87' lang='lat' dir='ltr'>torum</span> 
     </span>
     <span class='ocr_line' id='line_1_24' title="bbox 289 3233 1350 3310; baseline -0.002 -3"><span class='ocrx_word' id='word_1_96' title='bbox 289 3236 343 3310; x_wconf 84' lang='lat' dir='ltr'>Et</span> <span class='ocrx_word' id='word_1_97' title='bbox 371 3233 469 3309; x_wconf 92' lang='lat' dir='ltr'>solis</span> <span class='ocrx_word' id='word_1_98' title='bbox 497 3234 768 3310; x_wconf 89' lang='lat' dir='ltr'>incunabula:</span> <span class='ocrx_word' id='word_1_99' title='bbox 1323 3266 1350 3305; x_wconf 70' lang='lat' dir='ltr'>a</span> 
     </span>
    </p>

    <p class='ocr_par' dir='ltr' id='par_1_15' title="bbox 181 3336 1229 3546">
     <span class='ocr_line' id='line_1_25' title="bbox 181 3336 1229 3438; baseline -0.005 -22"><span class='ocrx_word' id='word_1_100' title='bbox 181 3340 358 3416; x_wconf 86' lang='lat' dir='ltr'>Diversa</span> <span class='ocrx_word' id='word_1_101' title='bbox 384 3340 531 3415; x_wconf 87' lang='lat' dir='ltr'>florum</span> <span class='ocrx_word' id='word_1_102' title='bbox 559 3365 725 3438; x_wconf 90' lang='lat' dir='ltr'>genera,</span> <span class='ocrx_word' id='word_1_103' title='bbox 755 3340 938 3415; x_wconf 86' lang='lat' dir='ltr'>diversas</span> <span class='ocrx_word' id='word_1_104' title='bbox 967 3364 1063 3415; x_wconf 87' lang='lat' dir='ltr'>aves</span> <span class='ocrx_word' id='word_1_105' title='bbox 1228 3336 1229 3341; x_wconf 68' lang='grc'>’</span> 
     </span>
     <span class='ocr_line' id='line_1_26' title="bbox 288 3447 815 3546; baseline -0.002 -25"><span class='ocrx_word' id='word_1_106' title='bbox 288 3448 507 3546; x_wconf 87' lang='lat' dir='ltr'>Moresque</span> <span class='ocrx_word' id='word_1_107' title='bbox 538 3447 815 3522; x_wconf 84' lang='lat' dir='ltr'>demiraberis</span> 
     </span>
    </p>

    <p class='ocr_par' dir='ltr' id='par_1_16' title="bbox 182 3552 1057 3751">
     <span class='ocr_line' id='line_1_27' title="bbox 182 3552 1057 3655; baseline -0.005 -25"><span class='ocrx_word' id='word_1_108' title='bbox 182 3553 264 3630; x_wconf 85' lang='lat' dir='ltr'>Sed</span> <span class='ocrx_word' id='word_1_109' title='bbox 294 3553 484 3653; x_wconf 79' lang='lat' dir='ltr'>diligenti</span> <span class='ocrx_word' id='word_1_110' title='bbox 511 3555 703 3655; x_wconf 87' lang='lat' dir='ltr'>prospice</span> <span class='ocrx_word' id='word_1_111' title='bbox 731 3552 912 3651; x_wconf 67' lang='lat' dir='ltr'>ingenio</span> <span class='ocrx_word' id='word_1_112' title='bbox 941 3559 1057 3627; x_wconf 88' lang='lat' dir='ltr'>tuam</span> 
     </span>
     <span class='ocr_line' id='line_1_28' title="bbox 287 3660 851 3751; baseline -0.004 -16"><span class='ocrx_word' id='word_1_113' title='bbox 287 3661 449 3736; x_wconf 79' lang='lat' dir='ltr'>Mutare</span> <span class='ocrx_word' id='word_1_114' title='bbox 477 3685 531 3735; x_wconf 89' lang='lat' dir='ltr'>ne</span> <span class='ocrx_word' id='word_1_115' title='bbox 559 3668 712 3735; x_wconf 90' lang='lat' dir='ltr'>terram</span> <span class='ocrx_word' id='word_1_116' title='bbox 740 3660 851 3751; x_wconf 86' lang='lat' dir='ltr'>velis,</span> 
     </span>
    </p>

    <p class='ocr_par' dir='ltr' id='par_1_17' title="bbox 181 3765 1253 3973">
     <span class='ocr_line' id='line_1_29' title="bbox 181 3765 1253 3867; baseline -0.004 -23"><span class='ocrx_word' id='word_1_117' title='bbox 181 3768 240 3844; x_wconf 89' lang='lat' dir='ltr'>Ut</span> <span class='ocrx_word' id='word_1_118' title='bbox 267 3792 358 3842; x_wconf 90' lang='lat' dir='ltr'>mos</span> <span class='ocrx_word' id='word_1_119' title='bbox 387 3767 645 3867; x_wconf 83' lang='lat' dir='ltr'>quibusdam,</span> <span class='ocrx_word' id='word_1_120' title='bbox 675 3767 818 3842; x_wconf 87' lang='lat' dir='ltr'>matris</span> <span class='ocrx_word' id='word_1_121' title='bbox 846 3765 917 3840; x_wconf 90' lang='lat' dir='ltr'>ubi</span> <span class='ocrx_word' id='word_1_122' title='bbox 945 3765 1043 3840; x_wconf 93' lang='lat' dir='ltr'>nido</span> <span class='ocrx_word' id='word_1_123' title='bbox 1073 3767 1253 3858; x_wconf 86' lang='lat' dir='ltr'>avolant,</span> 
     </span>
     <span class='ocr_line' id='line_1_30' title="bbox 288 3873 947 3973; baseline -0.003 -25"><span class='ocrx_word' id='word_1_124' title='bbox 288 3874 551 3973; x_wconf 88' lang='lat' dir='ltr'>Praeponere</span> <span class='ocrx_word' id='word_1_125' title='bbox 579 3882 759 3949; x_wconf 90' lang='lat' dir='ltr'>remotas</span> <span class='ocrx_word' id='word_1_126' title='bbox 788 3873 947 3973; x_wconf 86' lang='lat' dir='ltr'>plagas:</span> 
     </span>
    </p>

    <p class='ocr_par' dir='ltr' id='par_1_18' title="bbox 180 3978 1127 4187">
     <span class='ocr_line' id='line_1_31' title="bbox 180 3978 1127 4080; baseline -0.004 -25"><span class='ocrx_word' id='word_1_127' title='bbox 180 3980 369 4055; x_wconf 90' lang='lat' dir='ltr'>Prudens</span> <span class='ocrx_word' id='word_1_128' title='bbox 398 3980 576 4072; x_wconf 87' lang='lat' dir='ltr'>cavebis,</span> <span class='ocrx_word' id='word_1_129' title='bbox 606 4005 658 4055; x_wconf 91' lang='lat' dir='ltr'>ne</span> <span class='ocrx_word' id='word_1_130' title='bbox 689 3980 787 4080; x_wconf 87' lang='lat' dir='ltr'>quid</span> <span class='ocrx_word' id='word_1_131' title='bbox 815 3979 1021 4069; x_wconf 71' lang='lat' dir='ltr'>admittas</span> <span class='ocrx_word' id='word_1_132' title='bbox 1050 3978 1127 4053; x_wconf 88' lang='lat' dir='ltr'>tibi</span> 
     </span>
     <span class='ocr_line' id='line_1_32' title="bbox 291 4085 999 4187; baseline -0.004 -25"><span class='ocrx_word' id='word_1_133' title='bbox 291 4085 412 4176; x_wconf 82' lang='lat' dir='ltr'>Quod</span> <span class='ocrx_word' id='word_1_134' title='bbox 440 4112 585 4187; x_wconf 88' lang='lat' dir='ltr'>parere</span> <span class='ocrx_word' id='word_1_135' title='bbox 614 4087 835 4161; x_wconf 88' lang='lat' dir='ltr'>discrimen</span> <span class='ocrx_word' id='word_1_136' title='bbox 863 4092 999 4185; x_wconf 87' lang='lat' dir='ltr'>queat.</span> 
     </span>
    </p>

    <p class='ocr_par' dir='ltr' id='par_1_19' title="bbox 183 4190 1255 4390">
     <span class='ocr_line' id='line_1_33' title="bbox 183 4190 1255 4293; baseline -0.004 -25"><span class='ocrx_word' id='word_1_137' title='bbox 183 4193 321 4284; x_wconf 81' lang='lat' dir='ltr'>Quare</span> <span class='ocrx_word' id='word_1_138' title='bbox 350 4193 553 4293; x_wconf 89' lang='lat' dir='ltr'>optimum</span> <span class='ocrx_word' id='word_1_139' title='bbox 581 4194 778 4270; x_wconf 88' lang='lat' dir='ltr'>dissidere</span> <span class='ocrx_word' id='word_1_140' title='bbox 812 4199 936 4292; x_wconf 88' lang='lat' dir='ltr'>atque</span> <span class='ocrx_word' id='word_1_141' title='bbox 965 4191 1094 4267; x_wconf 92' lang='lat' dir='ltr'>oculis</span> <span class='ocrx_word' id='word_1_142' title='bbox 1122 4190 1255 4289; x_wconf 86' lang='lat' dir='ltr'>magis</span> 
     </span>
     <span class='ocr_line' id='line_1_34' title="bbox 293 4299 1002 4390; baseline -0.004 -15"><span class='ocrx_word' id='word_1_143' title='bbox 293 4299 427 4390; x_wconf 80' lang='lat' dir='ltr'>Quam</span> <span class='ocrx_word' id='word_1_144' title='bbox 457 4300 624 4376; x_wconf 92' lang='lat' dir='ltr'>credere</span> <span class='ocrx_word' id='word_1_145' title='bbox 652 4301 798 4376; x_wconf 88' lang='lat' dir='ltr'>leviter</span> <span class='ocrx_word' id='word_1_146' title='bbox 825 4301 1002 4375; x_wconf 91' lang='lat' dir='ltr'>auribus.</span> 
     </span>
    </p>

    <p class='ocr_par' dir='ltr' id='par_1_20' title="bbox 183 4406 1021 4613">
     <span class='ocr_line' id='line_1_35' title="bbox 183 4406 1021 4507; baseline 0.001 -27"><span class='ocrx_word' id='word_1_147' title='bbox 183 4406 357 4483; x_wconf 89' lang='lat' dir='ltr'>Miscere</span> <span class='ocrx_word' id='word_1_148' title='bbox 385 4406 517 4507; x_wconf 87' lang='lat' dir='ltr'>fugies</span> <span class='ocrx_word' id='word_1_149' title='bbox 546 4414 587 4482; x_wconf 90' lang='lat' dir='ltr'>te</span> <span class='ocrx_word' id='word_1_150' title='bbox 615 4408 843 4507; x_wconf 90' lang='lat' dir='ltr'>puellarum</span> <span class='ocrx_word' id='word_1_151' title='bbox 874 4407 1021 4497; x_wconf 77' lang='lat' dir='ltr'>ohoriS,</span> 
     </span>
     <span class='ocr_line' id='line_1_36' title="bbox 292 4512 920 4613; baseline -0.002 -25"><span class='ocrx_word' id='word_1_152' title='bbox 292 4514 354 4589; x_wconf 92' lang='lat' dir='ltr'>Ne</span> <span class='ocrx_word' id='word_1_153' title='bbox 384 4513 551 4590; x_wconf 89' lang='lat' dir='ltr'>flamma</span> <span class='ocrx_word' id='word_1_154' title='bbox 582 4520 723 4613; x_wconf 91' lang='lat' dir='ltr'>surgat</span> <span class='ocrx_word' id='word_1_155' title='bbox 749 4512 920 4588; x_wconf 88' lang='lat' dir='ltr'>lubrica:</span> 
     </span>
    </p>
   </div>
   <div class='ocr_carea' id='block_1_7' title="bbox 0 0 1591 5154">
    <p class='ocr_par' dir='ltr' id='par_1_21' title="bbox 0 0 1591 5154">
     <span class='ocr_line' id='line_1_37' title="bbox 0 0 1591 5154; baseline 0 0"><span class='ocrx_word' id='word_1_156' title='bbox 0 0 1591 5154; x_wconf 95' lang='lat' dir='ltr'> </span> 
     </span>
    </p>
   </div>
  </div>
 </body>
</html>
