<?xml version="1.0" encoding="UTF-8"?>
<!DOCTYPE html PUBLIC "-//W3C//DTD XHTML 1.0 Transitional//EN"
    "http://www.w3.org/TR/xhtml1/DTD/xhtml1-transitional.dtd">
<html xmlns="http://www.w3.org/1999/xhtml" xml:lang="en" lang="en">
 <head>
  <title>
</title>
<meta http-equiv="Content-Type" content="text/html;charset=utf-8" />
  <meta name='ocr-system' content='tesseract 3.04.00' />
  <meta name='ocr-capabilities' content='ocr_page ocr_carea ocr_par ocr_line ocrx_word'/>
</head>
<body>
  <div class='ocr_page' id='page_1' title='image "./psimonrettenbac00lehngoog/psimonrettenbac00lehngoog_0150.png"; bbox 0 0 3164 5154; ppageno 0'>
   <div class='ocr_carea' id='block_1_1' title="bbox 559 239 846 299">
    <p class='ocr_par' dir='ltr' id='par_1_1' title="bbox 559 239 846 299">
     <span class='ocr_line' id='line_1_1' title="bbox 559 239 846 299; baseline 0.007 -2"><span class='ocrx_word' id='word_1_1' title='bbox 559 240 635 298; x_wconf 76' lang='lat' dir='ltr'><strong>Lm.</strong></span> <span class='ocrx_word' id='word_1_2' title='bbox 656 239 712 296; x_wconf 90' lang='lat'>111.</span> <span class='ocrx_word' id='word_1_3' title='bbox 731 242 846 299; x_wconf 75' lang='lat'><strong>13-15.</strong></span> 
     </span>
    </p>
   </div>
   <div class='ocr_carea' id='block_1_2' title="bbox 284 437 1140 835">
    <p class='ocr_par' dir='ltr' id='par_1_2' title="bbox 285 437 998 518">
     <span class='ocr_line' id='line_1_2' title="bbox 285 437 998 518; baseline 0.004 -5"><span class='ocrx_word' id='word_1_4' title='bbox 285 437 420 514; x_wconf 89' lang='lat' dir='ltr'><strong>Testis</strong></span> <span class='ocrx_word' id='word_1_5' title='bbox 449 444 514 515; x_wconf 91' lang='lat' dir='ltr'><strong>est</strong></span> <span class='ocrx_word' id='word_1_6' title='bbox 539 437 645 514; x_wconf 88' lang='lat' dir='ltr'><strong>Ister</strong></span> <span class='ocrx_word' id='word_1_7' title='bbox 671 439 826 516; x_wconf 89' lang='lat' dir='ltr'><strong>totiens</strong></span> <span class='ocrx_word' id='word_1_8' title='bbox 854 464 998 518; x_wconf 87' lang='lat' dir='ltr'><strong>oruore</strong></span> 
     </span>
    </p>

    <p class='ocr_par' dir='ltr' id='par_1_3' title="bbox 285 543 1140 644">
     <span class='ocr_line' id='line_1_3' title="bbox 285 543 1140 644; baseline 0.004 -23"><span class='ocrx_word' id='word_1_9' title='bbox 285 543 492 621; x_wconf 79' lang='lat' dir='ltr'><strong>Turbidus</strong></span> <span class='ocrx_word' id='word_1_10' title='bbox 518 544 737 639; x_wconf 81' lang='lat' dir='ltr'><strong>Thracum,</strong></span> <span class='ocrx_word' id='word_1_11' title='bbox 763 570 990 644; x_wconf 87' lang='lat' dir='ltr'><strong>generosus</strong></span> <span class='ocrx_word' id='word_1_12' title='bbox 1017 548 1140 625; x_wconf 88' lang='lat' dir='ltr'><strong>ardor</strong></span> 
     </span>
    </p>

    <p class='ocr_par' dir='ltr' id='par_1_4' title="bbox 284 651 1067 835">
     <span class='ocr_line' id='line_1_4' title="bbox 284 651 1067 754; baseline 0.004 -26"><span class='ocrx_word' id='word_1_13' title='bbox 284 651 484 728; x_wconf 82' lang='lat' dir='ltr'><strong>Vindicat</strong></span> <span class='ocrx_word' id='word_1_14' title='bbox 508 675 642 752; x_wconf 92' lang='lat' dir='ltr'><strong>nuper</strong></span> <span class='ocrx_word' id='word_1_15' title='bbox 668 653 778 728; x_wconf 88' lang='lat' dir='ltr'><strong>male</strong></span> <span class='ocrx_word' id='word_1_16' title='bbox 805 659 930 754; x_wconf 88' lang='lat' dir='ltr'><strong>rupta</strong></span> <span class='ocrx_word' id='word_1_17' title='bbox 955 654 1067 731; x_wconf 87' lang='lat' dir='ltr'><strong>iusto</strong></span> 
     </span>
     <span class='ocr_line' id='line_1_5' title="bbox 390 756 752 835; baseline 0.006 -2"><span class='ocrx_word' id='word_1_18' title='bbox 390 756 579 834; x_wconf 81' lang='lat' dir='ltr'>Foedera</span> <span class='ocrx_word' id='word_1_19' title='bbox 606 758 752 835; x_wconf 81' lang='lat' dir='ltr'><strong>Marte.</strong></span> 
     </span>
    </p>
   </div>
   <div class='ocr_carea' id='block_1_3' title="bbox 283 918 1124 1315">
    <p class='ocr_par' dir='ltr' id='par_1_5' title="bbox 285 918 1124 997">
     <span class='ocr_line' id='line_1_6' title="bbox 285 918 1124 997; baseline 0 -2"><span class='ocrx_word' id='word_1_20' title='bbox 285 918 463 995; x_wconf 79' lang='lat' dir='ltr'><strong>Numine</strong></span> <span class='ocrx_word' id='word_1_21' title='bbox 490 918 745 996; x_wconf 82' lang='lat' dir='ltr'><strong>inconeussa</strong></span> <span class='ocrx_word' id='word_1_22' title='bbox 772 923 845 997; x_wconf 91' lang='lat' dir='ltr'><strong>tuo</strong></span> <span class='ocrx_word' id='word_1_23' title='bbox 874 925 958 996; x_wconf 89' lang='lat' dir='ltr'><strong>stat</strong></span> <span class='ocrx_word' id='word_1_24' title='bbox 984 920 1124 996; x_wconf 87' lang='lat' dir='ltr'><strong>hostes</strong></span> 
     </span>
    </p>

    <p class='ocr_par' dir='ltr' id='par_1_6' title="bbox 283 1024 1094 1126">
     <span class='ocr_line' id='line_1_7' title="bbox 283 1024 1094 1126; baseline 0.004 -27"><span class='ocrx_word' id='word_1_25' title='bbox 283 1025 490 1102; x_wconf 89' lang='lat' dir='ltr'><strong>Barbaros</strong></span> <span class='ocrx_word' id='word_1_26' title='bbox 520 1031 668 1102; x_wconf 84' lang='lat' dir='ltr'><strong>contra</strong></span> <span class='ocrx_word' id='word_1_27' title='bbox 694 1024 907 1126; x_wconf 82' lang='lat' dir='ltr'><strong>pedaneo</strong></span> <span class='ocrx_word' id='word_1_28' title='bbox 934 1025 1094 1103; x_wconf 82' lang='lat' dir='ltr'><strong>recedit</strong></span> 
     </span>
    </p>

    <p class='ocr_par' dir='ltr' id='par_1_7' title="bbox 284 1132 1035 1315">
     <span class='ocr_line' id='line_1_8' title="bbox 284 1132 1035 1233; baseline 0.001 -26"><span class='ocrx_word' id='word_1_29' title='bbox 284 1133 518 1209; x_wconf 79' lang='lat' dir='ltr'><strong>Teutonum</strong></span> <span class='ocrx_word' id='word_1_30' title='bbox 546 1133 679 1233; x_wconf 81' lang='lat' dir='ltr'><strong>pubes</strong></span> <span class='ocrx_word' id='word_1_31' title='bbox 707 1132 885 1208; x_wconf 89' lang='lat' dir='ltr'><strong>tolerare</strong></span> <span class='ocrx_word' id='word_1_32' title='bbox 913 1134 1035 1210; x_wconf 90' lang='lat' dir='ltr'><strong>duros</strong></span> 
     </span>
     <span class='ocr_line' id='line_1_9' title="bbox 389 1238 743 1315; baseline 0.003 -1"><span class='ocrx_word' id='word_1_33' title='bbox 389 1238 531 1315; x_wconf 89' lang='lat' dir='ltr'><strong>Prona</strong></span> <span class='ocrx_word' id='word_1_34' title='bbox 556 1239 743 1315; x_wconf 85' lang='lat' dir='ltr'><strong>labores:</strong></span> 
     </span>
    </p>
   </div>
   <div class='ocr_carea' id='block_1_4' title="bbox 285 1397 1140 1711">
    <p class='ocr_par' dir='ltr' id='par_1_8' title="bbox 285 1397 1140 1711">
     <span class='ocr_line' id='line_1_10' title="bbox 285 1397 1061 1498; baseline -0.001 -23"><span class='ocrx_word' id='word_1_35' title='bbox 285 1397 343 1475; x_wconf 91' lang='lat' dir='ltr'><strong>Ut</strong></span> <span class='ocrx_word' id='word_1_36' title='bbox 369 1397 474 1474; x_wconf 87' lang='lat' dir='ltr'><strong>mari</strong></span> <span class='ocrx_word' id='word_1_37' title='bbox 502 1405 646 1474; x_wconf 82' lang='lat' dir='ltr'><strong>cautos</strong></span> <span class='ocrx_word' id='word_1_38' title='bbox 673 1397 829 1498; x_wconf 83' lang='lat' dir='ltr'>rapidis</span> <span class='ocrx_word' id='word_1_39' title='bbox 858 1401 910 1474; x_wconf 92' lang='lat' dir='ltr'><strong>ab</strong></span> <span class='ocrx_word' id='word_1_40' title='bbox 938 1398 1061 1474; x_wconf 92' lang='lat' dir='ltr'><strong>undis</strong></span> 
     </span>
     <span class='ocr_line' id='line_1_11' title="bbox 285 1503 1140 1605; baseline 0 -24"><span class='ocrx_word' id='word_1_41' title='bbox 285 1504 420 1603; x_wconf 84' lang='lat' dir='ltr'><strong>Saepe</strong></span> <span class='ocrx_word' id='word_1_42' title='bbox 438 1504 636 1605; x_wconf 77' lang='lat' dir='ltr'><strong>pulsatur,</strong></span> <span class='ocrx_word' id='word_1_43' title='bbox 656 1509 800 1580; x_wconf 86' lang='lat' dir='ltr'><strong>tamen</strong></span> <span class='ocrx_word' id='word_1_44' title='bbox 820 1503 932 1581; x_wconf 89' lang='lat' dir='ltr'><strong>haud</strong></span> <span class='ocrx_word' id='word_1_45' title='bbox 949 1511 1140 1581; x_wconf 86' lang='lat' dir='ltr'><strong>movetur</strong></span> 
     </span>
     <span class='ocr_line' id='line_1_12' title="bbox 286 1609 1111 1711; baseline 0.001 -24"><span class='ocrx_word' id='word_1_46' title='bbox 286 1609 463 1687; x_wconf 81' lang='lat' dir='ltr'><strong>Sedibus</strong></span> <span class='ocrx_word' id='word_1_47' title='bbox 491 1611 620 1687; x_wconf 87' lang='lat' dir='ltr'><strong>suetis</strong></span> <span class='ocrx_word' id='word_1_48' title='bbox 648 1610 859 1711; x_wconf 84' lang='lat' dir='ltr'><strong>Aquilone</strong></span> <span class='ocrx_word' id='word_1_49' title='bbox 888 1617 931 1686; x_wconf 89' lang='lat' dir='ltr'><strong>et</strong></span> <span class='ocrx_word' id='word_1_50' title='bbox 956 1609 1111 1688; x_wconf 85' lang='lat' dir='ltr'><strong>Austro</strong></span> 
     </span>
    </p>
   </div>
   <div class='ocr_carea' id='block_1_5' title="bbox 392 1717 687 1810">
    <p class='ocr_par' dir='ltr' id='par_1_9' title="bbox 392 1717 687 1810">
     <span class='ocr_line' id='line_1_13' title="bbox 392 1717 687 1810; baseline 0.003 -18"><span class='ocrx_word' id='word_1_51' title='bbox 392 1717 512 1793; x_wconf 91' lang='lat' dir='ltr'><strong>Bella</strong></span> <span class='ocrx_word' id='word_1_52' title='bbox 540 1717 687 1810; x_wconf 81' lang='lat' dir='ltr'><strong>aiente,</strong></span> 
     </span>
    </p>
   </div>
   <div class='ocr_carea' id='block_1_6' title="bbox 284 1871 1139 2083">
    <p class='ocr_par' dir='ltr' id='par_1_10' title="bbox 284 1871 1139 2083">
     <span class='ocr_line' id='line_1_14' title="bbox 284 1871 1071 1952; baseline 0.006 -4"><span class='ocrx_word' id='word_1_53' title='bbox 284 1871 417 1949; x_wconf 81' lang='lat' dir='ltr'><strong>Africi</strong></span> <span class='ocrx_word' id='word_1_54' title='bbox 446 1879 519 1950; x_wconf 89' lang='lat' dir='ltr'><strong>aut</strong></span> <span class='ocrx_word' id='word_1_55' title='bbox 546 1874 656 1951; x_wconf 86' lang='lat' dir='ltr'><strong>siout</strong></span> <span class='ocrx_word' id='word_1_56' title='bbox 681 1874 864 1950; x_wconf 88' lang='lat' dir='ltr'><strong>validum</strong></span> <span class='ocrx_word' id='word_1_57' title='bbox 892 1874 1071 1952; x_wconf 85' lang='lat' dir='ltr'><strong>furorem</strong></span> 
     </span>
     <span class='ocr_line' id='line_1_15' title="bbox 285 1979 1139 2083; baseline 0.004 -27"><span class='ocrx_word' id='word_1_58' title='bbox 285 1979 472 2057; x_wconf 80' lang='lat' dir='ltr'><strong>Sustinet</strong></span> <span class='ocrx_word' id='word_1_59' title='bbox 485 2005 669 2081; x_wconf 81' lang='lat' dir='ltr'><strong>quercus,</strong></span> <span class='ocrx_word' id='word_1_60' title='bbox 686 1979 836 2058; x_wconf 84' lang='lat' dir='ltr'><strong>fremat</strong></span> <span class='ocrx_word' id='word_1_61' title='bbox 849 1981 937 2083; x_wconf 88' lang='lat' dir='ltr'><strong>ipse</strong></span> <span class='ocrx_word' id='word_1_62' title='bbox 953 1984 1139 2082; x_wconf 90' lang='lat' dir='ltr'><strong>quamvis</strong></span> 
     </span>
    </p>
   </div>
   <div class='ocr_carea' id='block_1_7' title="bbox 283 2083 1052 2270">
    <p class='ocr_par' dir='ltr' id='par_1_11' title="bbox 283 2083 1052 2270">
     <span class='ocr_line' id='line_1_16' title="bbox 283 2083 1052 2188; baseline 0.004 -26"><span class='ocrx_word' id='word_1_63' title='bbox 283 2083 461 2188; x_wconf 83' lang='lat' dir='ltr'><strong>Alpibus</strong></span> <span class='ocrx_word' id='word_1_64' title='bbox 487 2087 600 2181; x_wconf 87' lang='lat' dir='ltr'><strong>totis,</strong></span> <span class='ocrx_word' id='word_1_65' title='bbox 627 2112 774 2163; x_wconf 91' lang='lat' dir='ltr'><strong>nemus</strong></span> <span class='ocrx_word' id='word_1_66' title='bbox 801 2094 845 2164; x_wconf 90' lang='lat' dir='ltr'><strong>et</strong></span> <span class='ocrx_word' id='word_1_67' title='bbox 871 2091 1052 2165; x_wconf 88' lang='lat' dir='ltr'><strong>tumultu</strong></span> 
     </span>
     <span class='ocr_line' id='line_1_17' title="bbox 392 2192 748 2270; baseline -0.008 -1"><span class='ocrx_word' id='word_1_68' title='bbox 392 2192 588 2270; x_wconf 78' lang='lat' dir='ltr'><strong>Concitet</strong></span> <span class='ocrx_word' id='word_1_69' title='bbox 615 2218 748 2270; x_wconf 88' lang='lat' dir='ltr'><strong>omne.</strong></span> 
     </span>
    </p>
   </div>
   <div class='ocr_carea' id='block_1_8' title="bbox 284 2350 1115 2749">
    <p class='ocr_par' dir='ltr' id='par_1_12' title="bbox 285 2350 1071 2447">
     <span class='ocr_line' id='line_1_18' title="bbox 285 2350 1071 2447; baseline 0.004 -20"><span class='ocrx_word' id='word_1_70' title='bbox 285 2350 474 2429; x_wconf 86' lang='lat' dir='ltr'><strong>Caesaris</strong></span> <span class='ocrx_word' id='word_1_71' title='bbox 500 2352 630 2429; x_wconf 88' lang='lat' dir='ltr'><strong>virtus</strong></span> <span class='ocrx_word' id='word_1_72' title='bbox 659 2355 820 2430; x_wconf 90' lang='lat' dir='ltr'><strong>animos</strong></span> <span class='ocrx_word' id='word_1_73' title='bbox 849 2353 1071 2447; x_wconf 83' lang='lat' dir='ltr'><strong>ministrat,</strong></span> 
     </span>
    </p>

    <p class='ocr_par' dir='ltr' id='par_1_13' title="bbox 286 2458 1115 2562">
     <span class='ocr_line' id='line_1_19' title="bbox 286 2458 1115 2562; baseline 0.002 -27"><span class='ocrx_word' id='word_1_74' title='bbox 286 2458 475 2535; x_wconf 78' lang='lat' dir='ltr'><strong>Caesaris</strong></span> <span class='ocrx_word' id='word_1_75' title='bbox 501 2462 675 2560; x_wconf 80' lang='lat' dir='ltr'><strong>praebet</strong></span> <span class='ocrx_word' id='word_1_76' title='bbox 702 2459 838 2561; x_wconf 88' lang='lat' dir='ltr'><strong>pietas</strong></span> <span class='ocrx_word' id='word_1_77' title='bbox 867 2460 1115 2562; x_wconf 89' lang='lat' dir='ltr'><strong>triumphos:</strong></span> 
     </span>
    </p>

    <p class='ocr_par' dir='ltr' id='par_1_14' title="bbox 284 2564 1041 2749">
     <span class='ocr_line' id='line_1_20' title="bbox 284 2564 1041 2645; baseline 0.005 -6"><span class='ocrx_word' id='word_1_78' title='bbox 284 2565 415 2642; x_wconf 91' lang='lat' dir='ltr'><strong>Nemo</strong></span> <span class='ocrx_word' id='word_1_79' title='bbox 444 2564 643 2642; x_wconf 87' lang='lat' dir='ltr'><strong>formidat</strong></span> <span class='ocrx_word' id='word_1_80' title='bbox 668 2568 869 2644; x_wconf 87' lang='lat' dir='ltr'><strong>metuitve</strong></span> <span class='ocrx_word' id='word_1_81' title='bbox 897 2593 1041 2645; x_wconf 84' lang='lat' dir='ltr'><strong>casum</strong></span> 
     </span>
     <span class='ocr_line' id='line_1_21' title="bbox 391 2671 722 2749; baseline 0.003 -1"><span class='ocrx_word' id='word_1_82' title='bbox 391 2671 567 2748; x_wconf 80' lang='lat' dir='ltr'><strong>Caesare</strong></span> <span class='ocrx_word' id='word_1_83' title='bbox 596 2673 722 2749; x_wconf 87' lang='lat' dir='ltr'><strong>salvo.</strong></span> 
     </span>
    </p>
   </div>
   <div class='ocr_carea' id='block_1_9' title="bbox 671 3325 750 3390">
    <p class='ocr_par' dir='ltr' id='par_1_15' title="bbox 671 3325 750 3390">
     <span class='ocr_line' id='line_1_22' title="bbox 671 3325 750 3390; baseline 0 0"><span class='ocrx_word' id='word_1_84' title='bbox 671 3325 750 3390; x_wconf 92' lang='lat' dir='ltr'><strong>XV.</strong></span> 
     </span>
    </p>
   </div>
   <div class='ocr_carea' id='block_1_10' title="bbox 208 3535 1218 3617">
    <p class='ocr_par' dir='ltr' id='par_1_16' title="bbox 208 3535 1218 3617">
     <span class='ocr_line' id='line_1_23' title="bbox 208 3535 1218 3617; baseline 0.006 -6"><span class='ocrx_word' id='word_1_85' title='bbox 208 3535 282 3612; x_wconf 88' lang='lat' dir='ltr'><strong>AD</strong></span> <span class='ocrx_word' id='word_1_86' title='bbox 311 3535 590 3615; x_wconf 86' lang='lat' dir='ltr'>MAXIMUM:</span> <span class='ocrx_word' id='word_1_87' title='bbox 619 3537 796 3615; x_wconf 87' lang='lat' dir='ltr'><strong>TURPE</strong></span> <span class='ocrx_word' id='word_1_88' title='bbox 823 3538 955 3615; x_wconf 87' lang='lat' dir='ltr'>ESSE</span> <span class='ocrx_word' id='word_1_89' title='bbox 981 3540 1218 3617; x_wconf 87' lang='lat' dir='ltr'>MENTIRI.</span> 
     </span>
    </p>
   </div>
   <div class='ocr_carea' id='block_1_11' title="bbox 176 3744 1337 4595">
    <p class='ocr_par' dir='ltr' id='par_1_17' title="bbox 176 3744 1337 4595">
     <span class='ocr_line' id='line_1_24' title="bbox 177 3744 1326 3849; baseline 0.002 -27"><span class='ocrx_word' id='word_1_90' title='bbox 177 3744 278 3837; x_wconf 86' lang='lat' dir='ltr'><strong>Quis</strong></span> <span class='ocrx_word' id='word_1_91' title='bbox 306 3747 415 3825; x_wconf 82' lang='lat' dir='ltr'><strong>caeli</strong></span> <span class='ocrx_word' id='word_1_92' title='bbox 439 3746 534 3826; x_wconf 82' lang='lat' dir='ltr'><strong>face</strong></span> <span class='ocrx_word' id='word_1_93' title='bbox 563 3748 817 3849; x_wconf 83' lang='lat' dir='ltr'><strong>conflagrat?</strong></span> <span class='ocrx_word' id='word_1_94' title='bbox 1200 3768 1250 3824; x_wconf 83' lang='lat' dir='ltr'><strong>fol.</strong></span> <span class='ocrx_word' id='word_1_95' title='bbox 1268 3770 1326 3824; x_wconf 68' lang='lat' dir='ltr'><strong>arv·</strong></span> 
     </span>
     <span class='ocr_line' id='line_1_25' title="bbox 283 3852 1200 3957; baseline 0.004 -28"><span class='ocrx_word' id='word_1_96' title='bbox 283 3852 384 3945; x_wconf 86' lang='lat' dir='ltr'><strong>Quis</strong></span> <span class='ocrx_word' id='word_1_97' title='bbox 413 3854 568 3932; x_wconf 83' lang='lat' dir='ltr'><strong>sanctis</strong></span> <span class='ocrx_word' id='word_1_98' title='bbox 593 3855 759 3932; x_wconf 88' lang='lat' dir='ltr'><strong>iuvenis</strong></span> <span class='ocrx_word' id='word_1_99' title='bbox 789 3856 938 3957; x_wconf 84' lang='lat' dir='ltr'><strong>dignus</strong></span> <span class='ocrx_word' id='word_1_100' title='bbox 966 3858 1200 3933; x_wconf 79' lang='lat' dir='ltr'><strong>amoribus?</strong></span> 
     </span>
     <span class='ocr_line' id='line_1_26' title="bbox 178 3955 849 4063; baseline 0.007 -29"><span class='ocrx_word' id='word_1_101' title='bbox 178 3955 258 4048; x_wconf 87' lang='lat' dir='ltr'><strong>Qui</strong></span> <span class='ocrx_word' id='word_1_102' title='bbox 285 3985 510 4062; x_wconf 90' lang='lat' dir='ltr'><strong>numquam</strong></span> <span class='ocrx_word' id='word_1_103' title='bbox 537 3961 725 4063; x_wconf 90' lang='lat' dir='ltr'><strong>loquitur</strong></span> <span class='ocrx_word' id='word_1_104' title='bbox 754 3963 849 4040; x_wconf 91' lang='lat' dir='ltr'><strong>dolo</strong></span> 
     </span>
     <span class='ocr_line' id='line_1_27' title="bbox 284 4066 1337 4162; baseline 0.005 -20"><span class='ocrx_word' id='word_1_105' title='bbox 284 4066 370 4143; x_wconf 86' lang='lat' dir='ltr'><strong>Neo</strong></span> <span class='ocrx_word' id='word_1_106' title='bbox 397 4091 542 4143; x_wconf 88' lang='lat' dir='ltr'><strong>verum</strong></span> <span class='ocrx_word' id='word_1_107' title='bbox 572 4068 718 4145; x_wconf 82' lang='lat' dir='ltr'><strong>didicit</strong></span> <span class='ocrx_word' id='word_1_108' title='bbox 746 4070 924 4146; x_wconf 83' lang='lat' dir='ltr'><strong>condere</strong></span> <span class='ocrx_word' id='word_1_109' title='bbox 951 4068 1177 4147; x_wconf 89' lang='lat' dir='ltr'><strong>fraudibus.</strong></span> <span class='ocrx_word' id='word_1_110' title='bbox 1323 4125 1337 4162; x_wconf 71' lang='lat'><strong>⁴</strong></span> 
     </span>
     <span class='ocr_line' id='line_1_28' title="bbox 176 4170 665 4271; baseline 0.006 -24"><span class='ocrx_word' id='word_1_111' title='bbox 176 4170 330 4271; x_wconf 88' lang='lat' dir='ltr'><strong>Ingens</strong></span> <span class='ocrx_word' id='word_1_112' title='bbox 356 4173 553 4250; x_wconf 88' lang='lat' dir='ltr'><strong>nobilitas</strong></span> <span class='ocrx_word' id='word_1_113' title='bbox 581 4181 665 4267; x_wconf 90' lang='lat' dir='ltr'><strong>tua,</strong></span> 
     </span>
     <span class='ocr_line' id='line_1_29' title="bbox 285 4279 1162 4383; baseline 0.005 -29"><span class='ocrx_word' id='word_1_114' title='bbox 285 4279 417 4355; x_wconf 81' lang='lat' dir='ltr'><strong>Celsis</strong></span> <span class='ocrx_word' id='word_1_115' title='bbox 444 4280 703 4382; x_wconf 82' lang='lat' dir='ltr'><strong>principibus</strong></span> <span class='ocrx_word' id='word_1_116' title='bbox 731 4281 935 4382; x_wconf 85' lang='lat' dir='ltr'><strong>sanguine</strong></span> <span class='ocrx_word' id='word_1_117' title='bbox 962 4283 1162 4383; x_wconf 86' lang='lat' dir='ltr'><strong>iungeris:</strong></span> 
     </span>
     <span class='ocr_line' id='line_1_30' title="bbox 178 4383 783 4487; baseline 0.005 -26"><span class='ocrx_word' id='word_1_118' title='bbox 178 4383 213 4461; x_wconf 91' lang='grc' dir='ltr'><strong>Ο</strong></span> <span class='ocrx_word' id='word_1_119' title='bbox 241 4410 439 4485; x_wconf 84' lang='lat' dir='ltr'><strong>magnum</strong></span> <span class='ocrx_word' id='word_1_120' title='bbox 465 4388 627 4487; x_wconf 87' lang='lat' dir='ltr'><strong>patriae</strong></span> <span class='ocrx_word' id='word_1_121' title='bbox 655 4388 783 4477; x_wconf 88' lang='lat' dir='ltr'><strong>iubar,</strong></span> 
     </span>
     <span class='ocr_line' id='line_1_31' title="bbox 286 4491 1063 4595; baseline 0.005 -27"><span class='ocrx_word' id='word_1_122' title='bbox 286 4491 329 4568; x_wconf 88' lang='lat' dir='ltr'><strong>Si</strong></span> <span class='ocrx_word' id='word_1_123' title='bbox 357 4491 518 4571; x_wconf 81' lang='lat' dir='ltr'><strong>sincera</strong></span> <span class='ocrx_word' id='word_1_124' title='bbox 544 4493 667 4588; x_wconf 73' lang='lat' dir='ltr'><strong>fovet</strong></span> <span class='ocrx_word' id='word_1_125' title='bbox 694 4495 889 4590; x_wconf 84' lang='lat' dir='ltr'><strong>Maxime,</strong></span> <span class='ocrx_word' id='word_1_126' title='bbox 917 4495 1063 4595; x_wconf 84' lang='lat' dir='ltr'><strong>gloria.</strong></span> 
     </span>
    </p>
   </div>
   <div class='ocr_carea' id='block_1_12' title="bbox 0 0 1586 5154">
    <p class='ocr_par' dir='ltr' id='par_1_18' title="bbox 0 0 1586 5154">
     <span class='ocr_line' id='line_1_32' title="bbox 0 0 1586 5154; baseline 0 0"><span class='ocrx_word' id='word_1_127' title='bbox 0 0 1586 5154; x_wconf 95' lang='lat' dir='ltr'><strong> </strong></span> 
     </span>
    </p>
   </div>
  </div>
 </body>
</html>
