3164 5154
699 269 902 327 SILVARUM

377 475 481 551 Cum
510 471 640 548 fames
667 471 766 547 totis
794 469 963 544 inimica
991 469 1138 544 castris

376 583 430 657 Et
457 580 547 656 sitis
574 578 718 670 saevit,
747 576 885 675 potior
911 600 1108 651 mucrone

377 687 495 764 Stiva
522 692 722 776 censetur,
750 684 852 759 lituo
880 683 1046 759 sonanti

487 793 645 869 Fistula
670 791 818 890 Mopsi.

377 955 517 1030 Firma
544 978 638 1053 spes
665 977 803 1026 rursus
831 950 951 1025 viridi
980 949 1188 1025 iacentem

377 1061 511 1161 Erigit
539 1084 698 1159 campe,
726 1081 945 1158 properare
974 1055 1103 1132 fortes

379 1169 483 1245 Cum
511 1167 626 1242 videt
657 1172 827 1257 turmas,
864 1162 1021 1264 agitare
1049 1187 1233 1263 pugnam

484 1274 616 1349 Hoste
643 1272 883 1373 propinque.

376 1434 540 1511 Proelio
568 1433 701 1508 victus
730 1432 854 1507 dubio
882 1431 1039 1506 recedit

378 1541 523 1617 Tristis
553 1547 596 1616 et
622 1540 767 1638 plagas
796 1544 998 1629 numerat,
1034 1537 1219 1612 sodalem

378 1651 515 1748 Luget
543 1646 750 1738 amissum,
780 1647 939 1722 tumulo
967 1644 1133 1744 reponit

484 1754 654 1853 Frigida
682 1758 877 1830 membra.

378 1915 476 1989 Mox
503 1914 611 1989 redit
637 1915 775 1989 virtus.
804 1911 950 1988 Aciem
979 1911 1171 2010 reposcit,

379 2019 544 2120 Agmen
573 2021 744 2113 invadit,
773 2018 949 2119 perimit,
978 2017 1170 2106 trucidat,

379 2128 512 2228 Eripit
539 2129 751 2228 praedam:
780 2127 931 2226 repetit
957 2131 1130 2225 penates

486 2233 629 2309 Victor
657 2235 824 2309 amicos
1378 2253 1395 2291 2>

380 2394 495 2471 Arva
521 2419 603 2494 pax
632 2393 756 2468 armis
784 2392 931 2494 positis
959 2391 1113 2467 revisit.

380 2502 489 2576 Hinc
513 2509 647 2576 metus
671 2501 819 2576 sumu
842 2499 1011 2575 miseras
1032 2500 1235 2574 cohortes:

379 2609 574 2683 Plurimis
604 2614 667 2683 est
693 2607 806 2682 nulla
835 2607 980 2681 domus
1009 2632 1087 2681 nec
1117 2604 1205 2703 agri

489 2714 616 2790 Curta
645 2715 838 2815 supellex.

734 3035 890 3043 ..—

771 3314 852 3380 XII.

466 3533 593 3608 SPES
624 3529 802 3607 CERTA
830 3530 900 3606 ET
936 3529 1158 3605 FALLAX.

384 3747 505 3823 Vana
533 3772 624 3845 spes
652 3747 783 3820 lactat
809 3745 997 3844 quotiens
1026 3744 1190 3827 inertes,
1274 3753 1318 3810 fol.
1335 3749 1387 3804 131-

386 3856 442 3932 Ut
470 3854 546 3927 sibi
576 3855 748 3928 credant
776 3853 916 3953 apices
944 3854 1147 3926 honorum

386 3961 569 4045 Debitos,
600 3961 709 4059 quod
739 3959 822 4033 sint
850 3959 1011 4058 generis
1039 3958 1188 4033 vetusti

493 4069 629 4167 Stirpe
659 4067 804 4142 creati!

386 4227 556 4319 Nobilis,
588 4227 621 4302 si
651 4254 771 4326 quem
800 4251 997 4325 generosa
1028 4225 1157 4300 virtus

386 4335 514 4409 Plebe
544 4335 731 4425 secernit,
759 4333 899 4433 populi
929 4334 1109 4408 tumultu

254 4496 257 4504 -
386 4442 542 4515 Eximit
568 4468 688 4516 verae
717 4441 884 4539 pietatis
913 4440 1044 4531 ardor,

492 4549 621 4623 Tollit
648 4550 851 4623 honestas.
