<?xml version="1.0" encoding="UTF-8"?>
<!DOCTYPE html PUBLIC "-//W3C//DTD XHTML 1.0 Transitional//EN"
    "http://www.w3.org/TR/xhtml1/DTD/xhtml1-transitional.dtd">
<html xmlns="http://www.w3.org/1999/xhtml" xml:lang="en" lang="en">
 <head>
  <title>
</title>
<meta http-equiv="Content-Type" content="text/html;charset=utf-8" />
  <meta name='ocr-system' content='tesseract 3.04.00' />
  <meta name='ocr-capabilities' content='ocr_page ocr_carea ocr_par ocr_line ocrx_word'/>
</head>
<body>
  <div class='ocr_page' id='page_1' title='image "./psimonrettenbac00lehngoog/psimonrettenbac00lehngoog_0270.png"; bbox 0 0 3164 5154; ppageno 0'>
   <div class='ocr_carea' id='block_1_1' title="bbox 533 248 780 306">
    <p class='ocr_par' dir='ltr' id='par_1_1' title="bbox 533 248 780 306">
     <span class='ocr_line' id='line_1_1' title="bbox 533 248 780 306; baseline 0.004 -4"><span class='ocrx_word' id='word_1_1' title='bbox 533 249 607 304; x_wconf 88' lang='lat' dir='ltr'>LlB.</span> <span class='ocrx_word' id='word_1_2' title='bbox 626 248 680 305; x_wconf 90' lang='lat'>111.</span> <span class='ocrx_word' id='word_1_3' title='bbox 700 250 780 306; x_wconf 74' lang='lat'>4-5.</span> 
     </span>
    </p>
   </div>
   <div class='ocr_carea' id='block_1_2' title="bbox 176 446 1276 858">
    <p class='ocr_par' dir='ltr' id='par_1_2' title="bbox 176 446 1276 858">
     <span class='ocr_line' id='line_1_2' title="bbox 176 446 890 548; baseline -0.007 -21"><span class='ocrx_word' id='word_1_4' title='bbox 176 449 347 527; x_wconf 87' lang='lat' dir='ltr'>Prodire</span> <span class='ocrx_word' id='word_1_5' title='bbox 374 451 499 524; x_wconf 91' lang='lat' dir='ltr'>verbo</span> <span class='ocrx_word' id='word_1_6' title='bbox 529 449 599 548; x_wconf 95' lang='lat' dir='ltr'>qui</span> <span class='ocrx_word' id='word_1_7' title='bbox 626 447 743 523; x_wconf 91' lang='lat' dir='ltr'>iubet</span> <span class='ocrx_word' id='word_1_8' title='bbox 769 446 890 522; x_wconf 92' lang='lat' dir='ltr'>unico</span> 
     </span>
     <span class='ocr_line' id='line_1_3' title="bbox 177 552 925 645; baseline -0.008 -12"><span class='ocrx_word' id='word_1_9' title='bbox 177 559 227 633; x_wconf 94' lang='lat' dir='ltr'>In</span> <span class='ocrx_word' id='word_1_10' title='bbox 254 557 358 632; x_wconf 88' lang='lat' dir='ltr'>lucis</span> <span class='ocrx_word' id='word_1_11' title='bbox 388 580 508 631; x_wconf 92' lang='lat' dir='ltr'>auras</span> <span class='ocrx_word' id='word_1_12' title='bbox 537 579 589 629; x_wconf 86' lang='lat' dir='ltr'>ex</span> <span class='ocrx_word' id='word_1_13' title='bbox 616 554 746 629; x_wconf 87' lang='lat' dir='ltr'>nihilo</span> <span class='ocrx_word' id='word_1_14' title='bbox 777 552 925 645; x_wconf 93' lang='lat' dir='ltr'>omnia,</span> 
     </span>
     <span class='ocr_line' id='line_1_4' title="bbox 230 658 934 761; baseline -0.007 -22"><span class='ocrx_word' id='word_1_15' title='bbox 230 664 324 740; x_wconf 91' lang='lat' dir='ltr'>Non</span> <span class='ocrx_word' id='word_1_16' title='bbox 352 687 451 738; x_wconf 90' lang='lat' dir='ltr'>auro</span> <span class='ocrx_word' id='word_1_17' title='bbox 481 668 524 737; x_wconf 93' lang='lat' dir='ltr'>et</span> <span class='ocrx_word' id='word_1_18' title='bbox 551 667 724 761; x_wconf 87' lang='lat' dir='ltr'>argento</span> <span class='ocrx_word' id='word_1_19' title='bbox 753 658 934 752; x_wconf 87' lang='lat' dir='ltr'>micabit,</span> 
     </span>
     <span class='ocr_line' id='line_1_5' title="bbox 286 765 1276 858; baseline -0.006 -12"><span class='ocrx_word' id='word_1_20' title='bbox 286 769 391 846; x_wconf 83' lang='lat' dir='ltr'>Oum</span> <span class='ocrx_word' id='word_1_21' title='bbox 420 769 546 843; x_wconf 88' lang='lat' dir='ltr'>decus</span> <span class='ocrx_word' id='word_1_22' title='bbox 574 768 655 843; x_wconf 94' lang='lat' dir='ltr'>hoc</span> <span class='ocrx_word' id='word_1_23' title='bbox 681 767 784 842; x_wconf 89' lang='lat' dir='ltr'>velit</span> <span class='ocrx_word' id='word_1_24' title='bbox 811 765 1055 843; x_wconf 80' lang='lat' dir='ltr'>aestimare?</span> <span class='ocrx_word' id='word_1_25' title='bbox 1263 820 1276 858; x_wconf 58' lang='grc' dir='ltr'><strong>Β</strong></span> 
     </span>
    </p>
   </div>
   <div class='ocr_carea' id='block_1_3' title="bbox 177 961 1088 1382">
    <p class='ocr_par' dir='ltr' id='par_1_3' title="bbox 177 961 1088 1382">
     <span class='ocr_line' id='line_1_6' title="bbox 177 961 934 1062; baseline -0.004 -22"><span class='ocrx_word' id='word_1_26' title='bbox 177 966 253 1041; x_wconf 82' lang='lat' dir='ltr'>Est</span> <span class='ocrx_word' id='word_1_27' title='bbox 279 970 381 1040; x_wconf 90' lang='lat' dir='ltr'>nota</span> <span class='ocrx_word' id='word_1_28' title='bbox 408 963 515 1039; x_wconf 87' lang='lat' dir='ltr'>votis</span> <span class='ocrx_word' id='word_1_29' title='bbox 544 985 706 1038; x_wconf 88' lang='lat' dir='ltr'>summa</span> <span class='ocrx_word' id='word_1_30' title='bbox 732 961 934 1062; x_wconf 91' lang='lat' dir='ltr'>potentia,</span> 
     </span>
     <span class='ocr_line' id='line_1_7' title="bbox 179 1067 1088 1170; baseline -0.002 -24"><span class='ocrx_word' id='word_1_31' title='bbox 179 1071 280 1163; x_wconf 78' lang='lat' dir='ltr'>Quis</span> <span class='ocrx_word' id='word_1_32' title='bbox 307 1072 588 1170; x_wconf 74' lang='lat' dir='ltr'><strong>impetramus,</strong></span> <span class='ocrx_word' id='word_1_33' title='bbox 618 1093 723 1168; x_wconf 91' lang='lat' dir='ltr'>quae</span> <span class='ocrx_word' id='word_1_34' title='bbox 752 1067 939 1168; x_wconf 90' lang='lat' dir='ltr'>cupimus</span> <span class='ocrx_word' id='word_1_35' title='bbox 968 1071 1088 1161; x_wconf 91' lang='lat' dir='ltr'>bona,</span> 
     </span>
     <span class='ocr_line' id='line_1_8' title="bbox 231 1173 896 1274; baseline -0.008 -20"><span class='ocrx_word' id='word_1_36' title='bbox 231 1177 532 1254; x_wconf 90' lang='lat' dir='ltr'>Proscribimus</span> <span class='ocrx_word' id='word_1_37' title='bbox 560 1174 712 1251; x_wconf 89' lang='lat' dir='ltr'>nostris</span> <span class='ocrx_word' id='word_1_38' title='bbox 740 1173 896 1274; x_wconf 89' lang='lat' dir='ltr'>pericla</span> 
     </span>
     <span class='ocr_line' id='line_1_9' title="bbox 285 1281 930 1382; baseline -0.003 -23"><span class='ocrx_word' id='word_1_39' title='bbox 285 1283 472 1360; x_wconf 80' lang='lat' dir='ltr'><strong>Aedibus</strong></span> <span class='ocrx_word' id='word_1_40' title='bbox 502 1290 545 1359; x_wconf 91' lang='lat' dir='ltr'>et</span> <span class='ocrx_word' id='word_1_41' title='bbox 569 1281 739 1382; x_wconf 82' lang='lat' dir='ltr'>regione</span> <span class='ocrx_word' id='word_1_42' title='bbox 768 1282 930 1357; x_wconf 88' lang='lat' dir='ltr'>damna.</span> 
     </span>
    </p>
   </div>
   <div class='ocr_carea' id='block_1_4' title="bbox 179 1476 1169 1895">
    <p class='ocr_par' dir='ltr' id='par_1_4' title="bbox 179 1476 1169 1895">
     <span class='ocr_line' id='line_1_10' title="bbox 180 1476 1169 1577; baseline -0.001 -23"><span class='ocrx_word' id='word_1_43' title='bbox 180 1480 301 1571; x_wconf 78' lang='lat' dir='ltr'>Quod</span> <span class='ocrx_word' id='word_1_44' title='bbox 327 1481 452 1555; x_wconf 89' lang='lat' dir='ltr'>robur</span> <span class='ocrx_word' id='word_1_45' title='bbox 478 1502 675 1577; x_wconf 86' lang='lat' dir='ltr'>umquam</span> <span class='ocrx_word' id='word_1_46' title='bbox 703 1477 876 1576; x_wconf 88' lang='lat' dir='ltr'>aequale</span> <span class='ocrx_word' id='word_1_47' title='bbox 904 1476 1005 1553; x_wconf 77' lang='lat' dir='ltr'>fuit?</span> <span class='ocrx_word' id='word_1_48' title='bbox 1032 1479 1169 1555; x_wconf 91' lang='lat' dir='ltr'>Deum</span> 
     </span>
     <span class='ocr_line' id='line_1_11' title="bbox 179 1584 1162 1684; baseline -0.003 -22"><span class='ocrx_word' id='word_1_49' title='bbox 179 1587 364 1663; x_wconf 80' lang='lat' dir='ltr'>Vincunt</span> <span class='ocrx_word' id='word_1_50' title='bbox 391 1591 607 1662; x_wconf 91' lang='lat' dir='ltr'>tonantem</span> <span class='ocrx_word' id='word_1_51' title='bbox 639 1591 763 1684; x_wconf 89' lang='lat' dir='ltr'>atque</span> <span class='ocrx_word' id='word_1_52' title='bbox 793 1584 1009 1659; x_wconf 85' lang='lat' dir='ltr'>excutiunt</span> <span class='ocrx_word' id='word_1_53' title='bbox 1037 1610 1162 1661; x_wconf 93' lang='lat' dir='ltr'>manu</span> 
     </span>
     <span class='ocr_line' id='line_1_12' title="bbox 233 1690 937 1790; baseline -0.004 -23"><span class='ocrx_word' id='word_1_54' title='bbox 233 1693 380 1768; x_wconf 84' lang='lat' dir='ltr'>Telum</span> <span class='ocrx_word' id='word_1_55' title='bbox 408 1691 633 1782; x_wconf 87' lang='lat' dir='ltr'>trisulcum,</span> <span class='ocrx_word' id='word_1_56' title='bbox 664 1716 743 1790; x_wconf 91' lang='lat' dir='ltr'>quo</span> <span class='ocrx_word' id='word_1_57' title='bbox 773 1690 937 1790; x_wconf 79' lang='lat' dir='ltr'><strong>superbi</strong></span> 
     </span>
     <span class='ocr_line' id='line_1_13' title="bbox 285 1796 867 1895; baseline -0.007 -21"><span class='ocrx_word' id='word_1_58' title='bbox 285 1798 452 1876; x_wconf 87' lang='lat' dir='ltr'>Moenia</span> <span class='ocrx_word' id='word_1_59' title='bbox 481 1797 663 1873; x_wconf 86' lang='lat' dir='ltr'>deiceret</span> <span class='ocrx_word' id='word_1_60' title='bbox 691 1796 867 1895; x_wconf 77' lang='lat' dir='ltr'>tyranni,</span> 
     </span>
    </p>
   </div>
   <div class='ocr_carea' id='block_1_5' title="bbox 179 1992 1223 2412">
    <p class='ocr_par' dir='ltr' id='par_1_5' title="bbox 179 1992 1223 2412">
     <span class='ocr_line' id='line_1_14' title="bbox 179 1992 938 2093; baseline -0.003 -25"><span class='ocrx_word' id='word_1_61' title='bbox 179 1995 234 2069; x_wconf 81' lang='lat' dir='ltr'>Et</span> <span class='ocrx_word' id='word_1_62' title='bbox 259 1992 468 2068; x_wconf 87' lang='lat' dir='ltr'>finiendae</span> <span class='ocrx_word' id='word_1_63' title='bbox 496 1998 684 2093; x_wconf 89' lang='lat' dir='ltr'>tempora</span> <span class='ocrx_word' id='word_1_64' title='bbox 710 1998 938 2091; x_wconf 85' lang='lat' dir='ltr'>prorogant</span> 
     </span>
     <span class='ocr_line' id='line_1_15' title="bbox 180 2098 923 2193; baseline -0.004 -18"><span class='ocrx_word' id='word_1_65' title='bbox 180 2099 375 2175; x_wconf 89' lang='lat' dir='ltr'>Mansura</span> <span class='ocrx_word' id='word_1_66' title='bbox 401 2099 527 2174; x_wconf 86' lang='lat' dir='ltr'>vitae:</span> <span class='ocrx_word' id='word_1_67' title='bbox 558 2098 691 2174; x_wconf 88' lang='lat' dir='ltr'>sidera</span> <span class='ocrx_word' id='word_1_68' title='bbox 720 2098 923 2193; x_wconf 80' lang='lat' dir='ltr'>claudere,</span> 
     </span>
     <span class='ocr_line' id='line_1_16' title="bbox 232 2205 1223 2304; baseline -0.004 -19"><span class='ocrx_word' id='word_1_69' title='bbox 232 2208 292 2285; x_wconf 92' lang='lat' dir='ltr'>Ut</span> <span class='ocrx_word' id='word_1_70' title='bbox 318 2231 371 2281; x_wconf 93' lang='lat' dir='ltr'>ne</span> <span class='ocrx_word' id='word_1_71' title='bbox 400 2205 559 2281; x_wconf 90' lang='lat' dir='ltr'>aridam</span> <span class='ocrx_word' id='word_1_72' title='bbox 587 2213 740 2282; x_wconf 89' lang='lat' dir='ltr'>terram</span> <span class='ocrx_word' id='word_1_73' title='bbox 769 2205 900 2280; x_wconf 88' lang='lat' dir='ltr'>imbre</span> <span class='ocrx_word' id='word_1_74' title='bbox 929 2213 1140 2304; x_wconf 86' lang='lat' dir='ltr'>spargant,</span> <span class='ocrx_word' id='word_1_75' title='bbox 1209 2232 1223 2256; x_wconf 30' lang='grc' dir='ltr'>ν’</span> 
     </span>
     <span class='ocr_line' id='line_1_17' title="bbox 287 2311 1003 2412; baseline -0.004 -23"><span class='ocrx_word' id='word_1_76' title='bbox 287 2311 426 2412; x_wconf 84' lang='lat' dir='ltr'>Atque</span> <span class='ocrx_word' id='word_1_77' title='bbox 454 2312 604 2388; x_wconf 91' lang='lat' dir='ltr'>iterum</span> <span class='ocrx_word' id='word_1_78' title='bbox 631 2335 813 2386; x_wconf 88' lang='lat' dir='ltr'>reserare</span> <span class='ocrx_word' id='word_1_79' title='bbox 840 2318 1003 2387; x_wconf 92' lang='lat' dir='ltr'>norunt.</span> 
     </span>
    </p>
   </div>
   <div class='ocr_carea' id='block_1_6' title="bbox 181 2504 1056 2927">
    <p class='ocr_par' dir='ltr' id='par_1_6' title="bbox 181 2504 1056 2927">
     <span class='ocr_line' id='line_1_18' title="bbox 181 2504 973 2604; baseline -0.006 -21"><span class='ocrx_word' id='word_1_80' title='bbox 181 2509 447 2584; x_wconf 88' lang='lat' dir='ltr'>Prostemere</span> <span class='ocrx_word' id='word_1_81' title='bbox 475 2507 616 2582; x_wconf 87' lang='lat' dir='ltr'>hostes</span> <span class='ocrx_word' id='word_1_82' title='bbox 645 2507 740 2604; x_wconf 89' lang='lat' dir='ltr'>igne</span> <span class='ocrx_word' id='word_1_83' title='bbox 768 2504 973 2581; x_wconf 89' lang='lat' dir='ltr'>valentius</span> 
     </span>
     <span class='ocr_line' id='line_1_19' title="bbox 181 2613 1056 2713; baseline -0.003 -24"><span class='ocrx_word' id='word_1_84' title='bbox 181 2613 320 2713; x_wconf 86' lang='lat' dir='ltr'>Atque</span> <span class='ocrx_word' id='word_1_85' title='bbox 349 2638 447 2691; x_wconf 88' lang='lat' dir='ltr'>ense</span> <span class='ocrx_word' id='word_1_86' title='bbox 475 2619 632 2688; x_wconf 89' lang='lat' dir='ltr'>turmas</span> <span class='ocrx_word' id='word_1_87' title='bbox 660 2613 832 2688; x_wconf 81' lang='lat' dir='ltr'>caedere</span> <span class='ocrx_word' id='word_1_88' title='bbox 861 2613 1056 2687; x_wconf 87' lang='lat' dir='ltr'>barbaras</span> 
     </span>
     <span class='ocr_line' id='line_1_20' title="bbox 234 2718 746 2796; baseline -0.004 -1"><span class='ocrx_word' id='word_1_89' title='bbox 234 2719 431 2796; x_wconf 87' lang='lat' dir='ltr'>Armatus</span> <span class='ocrx_word' id='word_1_90' title='bbox 461 2718 746 2796; x_wconf 86' lang='lat' dir='ltr'>obsecratione</span> 
     </span>
     <span class='ocr_line' id='line_1_21' title="bbox 287 2825 974 2927; baseline -0.004 -24"><span class='ocrx_word' id='word_1_91' title='bbox 287 2828 379 2903; x_wconf 84' lang='lat' dir='ltr'>Rex</span> <span class='ocrx_word' id='word_1_92' title='bbox 407 2826 584 2926; x_wconf 86' lang='lat' dir='ltr'>Solymis</span> <span class='ocrx_word' id='word_1_93' title='bbox 612 2825 750 2927; x_wconf 92' lang='lat' dir='ltr'>potuit</span> <span class='ocrx_word' id='word_1_94' title='bbox 776 2825 974 2900; x_wconf 84' lang='lat' dir='ltr'>modesta.</span> 
     </span>
    </p>
   </div>
   <div class='ocr_carea' id='block_1_7' title="bbox 180 3020 1110 3417">
    <p class='ocr_par' dir='ltr' id='par_1_7' title="bbox 180 3020 1110 3417">
     <span class='ocr_line' id='line_1_22' title="bbox 180 3020 883 3120; baseline -0.001 -24"><span class='ocrx_word' id='word_1_95' title='bbox 180 3021 368 3097; x_wconf 89' lang='lat' dir='ltr'>Iessaeus</span> <span class='ocrx_word' id='word_1_96' title='bbox 396 3023 517 3097; x_wconf 89' lang='lat' dir='ltr'>heros</span> <span class='ocrx_word' id='word_1_97' title='bbox 544 3020 694 3096; x_wconf 89' lang='lat' dir='ltr'>finibus</span> <span class='ocrx_word' id='word_1_98' title='bbox 724 3020 883 3120; x_wconf 86' lang='lat' dir='ltr'>expulit</span> 
     </span>
     <span class='ocr_line' id='line_1_23' title="bbox 180 3125 1110 3224; baseline -0.005 -20"><span class='ocrx_word' id='word_1_99' title='bbox 180 3129 348 3204; x_wconf 86' lang='lat' dir='ltr'>Pestem</span> <span class='ocrx_word' id='word_1_100' title='bbox 376 3135 602 3220; x_wconf 87' lang='lat' dir='ltr'>cruentam,</span> <span class='ocrx_word' id='word_1_101' title='bbox 634 3127 731 3201; x_wconf 88' lang='lat' dir='ltr'>dum</span> <span class='ocrx_word' id='word_1_102' title='bbox 760 3125 973 3201; x_wconf 88' lang='lat' dir='ltr'>dominum</span> <span class='ocrx_word' id='word_1_103' title='bbox 1000 3149 1110 3224; x_wconf 88' lang='lat' dir='ltr'>genu</span> 
     </span>
     <span class='ocr_line' id='line_1_24' title="bbox 233 3232 894 3334; baseline 0 -25"><span class='ocrx_word' id='word_1_104' title='bbox 233 3235 362 3310; x_wconf 85' lang='lat' dir='ltr'>Flexo</span> <span class='ocrx_word' id='word_1_105' title='bbox 390 3234 569 3334; x_wconf 86' lang='lat' dir='ltr'>rogavit;</span> <span class='ocrx_word' id='word_1_106' title='bbox 598 3259 696 3309; x_wconf 89' lang='lat' dir='ltr'>nam</span> <span class='ocrx_word' id='word_1_107' title='bbox 723 3232 894 3309; x_wconf 89' lang='lat' dir='ltr'>recessit</span> 
     </span>
     <span class='ocr_line' id='line_1_25' title="bbox 288 3339 1014 3417; baseline -0.004 -1"><span class='ocrx_word' id='word_1_108' title='bbox 288 3341 483 3417; x_wconf 90' lang='lat' dir='ltr'>Protinus</span> <span class='ocrx_word' id='word_1_109' title='bbox 512 3342 612 3415; x_wconf 90' lang='lat' dir='ltr'>urbe</span> <span class='ocrx_word' id='word_1_110' title='bbox 641 3340 832 3415; x_wconf 88' lang='lat' dir='ltr'>inimicus</span> <span class='ocrx_word' id='word_1_111' title='bbox 860 3339 1014 3415; x_wconf 91' lang='lat' dir='ltr'>horror.</span> 
     </span>
    </p>
   </div>
   <div class='ocr_carea' id='block_1_8' title="bbox 183 3533 1066 3932">
    <p class='ocr_par' dir='ltr' id='par_1_8' title="bbox 183 3533 1066 3932">
     <span class='ocr_line' id='line_1_26' title="bbox 183 3533 962 3637; baseline -0.004 -26"><span class='ocrx_word' id='word_1_112' title='bbox 183 3535 317 3612; x_wconf 92' lang='lat' dir='ltr'>Voces</span> <span class='ocrx_word' id='word_1_113' title='bbox 344 3540 589 3637; x_wconf 88' lang='lat' dir='ltr'>precantum</span> <span class='ocrx_word' id='word_1_114' title='bbox 616 3535 781 3611; x_wconf 91' lang='lat' dir='ltr'>fletibus</span> <span class='ocrx_word' id='word_1_115' title='bbox 810 3533 962 3609; x_wconf 83' lang='lat' dir='ltr'>additis</span> 
     </span>
     <span class='ocr_line' id='line_1_27' title="bbox 184 3641 1066 3742; baseline -0.005 -24"><span class='ocrx_word' id='word_1_116' title='bbox 184 3641 347 3718; x_wconf 83' lang='lat' dir='ltr'>Cuncta</span> <span class='ocrx_word' id='word_1_117' title='bbox 375 3668 400 3718; x_wconf 89' lang='lat' dir='ltr'>a</span> <span class='ocrx_word' id='word_1_118' title='bbox 427 3667 617 3742; x_wconf 88' lang='lat' dir='ltr'>supremo</span> <span class='ocrx_word' id='word_1_119' title='bbox 645 3641 877 3742; x_wconf 90' lang='lat' dir='ltr'>percipiunt</span> <span class='ocrx_word' id='word_1_120' title='bbox 904 3641 1066 3740; x_wconf 76' lang='lat' dir='ltr'>Patre,</span> 
     </span>
     <span class='ocr_line' id='line_1_28' title="bbox 237 3749 961 3849; baseline -0.01 -22"><span class='ocrx_word' id='word_1_121' title='bbox 237 3750 342 3827; x_wconf 84' lang='lat' dir='ltr'>Cum</span> <span class='ocrx_word' id='word_1_122' title='bbox 369 3749 457 3825; x_wconf 85' lang='lat' dir='ltr'>vita</span> <span class='ocrx_word' id='word_1_123' title='bbox 485 3749 539 3825; x_wconf 91' lang='lat' dir='ltr'>sit</span> <span class='ocrx_word' id='word_1_124' title='bbox 565 3749 718 3825; x_wconf 88' lang='lat' dir='ltr'>virtute</span> <span class='ocrx_word' id='word_1_125' title='bbox 746 3755 961 3849; x_wconf 87' lang='lat' dir='ltr'>praestans</span> 
     </span>
     <span class='ocr_line' id='line_1_29' title="bbox 289 3856 904 3932; baseline -0.005 -1"><span class='ocrx_word' id='word_1_126' title='bbox 289 3858 343 3931; x_wconf 82' lang='lat' dir='ltr'>Et</span> <span class='ocrx_word' id='word_1_127' title='bbox 369 3856 481 3932; x_wconf 87' lang='lat' dir='ltr'>nivei</span> <span class='ocrx_word' id='word_1_128' title='bbox 508 3856 596 3932; x_wconf 89' lang='lat' dir='ltr'>sine</span> <span class='ocrx_word' id='word_1_129' title='bbox 624 3857 733 3930; x_wconf 90' lang='lat' dir='ltr'>nube</span> <span class='ocrx_word' id='word_1_130' title='bbox 761 3879 904 3930; x_wconf 89' lang='lat' dir='ltr'>mores.</span> 
     </span>
    </p>
   </div>
   <div class='ocr_carea' id='block_1_9' title="bbox 0 0 1598 5154">
    <p class='ocr_par' dir='ltr' id='par_1_9' title="bbox 0 0 1598 5154">
     <span class='ocr_line' id='line_1_30' title="bbox 0 0 1598 5154; baseline 0 0"><span class='ocrx_word' id='word_1_131' title='bbox 0 0 1598 5154; x_wconf 95' lang='lat' dir='ltr'> </span> 
     </span>
    </p>
   </div>
  </div>
 </body>
</html>
