3164 5154
708 240 914 297 SILVARUM

758 471 855 538 XVI.

234 652 636 731 PEREGRINATIO
670 653 744 730 AD
773 652 992 731 BEATAM
1020 653 1299 733 VIRGINEM
1327 657 1377 734 IN

417 777 577 855 PLAIN
605 776 779 855 PROPE
807 777 1203 858 SALlSBURGUM.

271 954 374 1031 Cum
404 960 567 1053 tempus
595 978 771 1029 vacuum
798 959 946 1029 nactus
976 953 1066 1047 eris,
1096 953 1206 1048 Tite,
1301 968 1350 1024 fol
1365 970 1408 1026 sr-

269 1060 463 1138 Visamus
491 1059 728 1150 Dominam,
760 1083 864 1157 quae
893 1058 1045 1136 colitur
1070 1085 1203 1163 prope

271 1166 414 1242 Salsae
443 1166 609 1242 moenia
637 1165 840 1259 sublimia,
870 1165 1059 1260 Planida,

375 1274 425 1348 In
452 1273 576 1371 plano
607 1273 803 1373 quoniam
833 1272 913 1349 sita
945 1280 1019 1366 est,

271 1415 538 1491 Circumdent
563 1414 728 1490 modico
758 1439 885 1514 parva
910 1414 1012 1491 licet
1038 1414 1139 1515 iuga

269 1522 319 1596 In
348 1521 466 1597 clivo.
496 1520 636 1596 Niveis
665 1521 844 1596 turribus
873 1521 1030 1598 eminet

269 1628 484 1727 Templum
513 1627 672 1726 ingens,
701 1628 825 1703 Pario
853 1653 1058 1704 marmora
1084 1627 1310 1729 pulchrius,

376 1732 530 1809 Sancta
556 1734 696 1810 nobile
725 1734 918 1834 imagine.

268 1876 379 1952 Dum
407 1876 600 1951 molimur
627 1877 717 1968 iter,
748 1877 846 1951 dum
872 1876 941 1951 via
969 1874 1154 1969 distinet,

268 1982 467 2058 Dicamus
497 1983 650 2058 celebri
680 1983 862 2058 carmine
890 1982 1105 2082 virginem,

269 2087 378 2164 Olim
407 2090 517 2189 quod
545 2089 687 2165 docuit
713 2115 789 2164 nos
816 2089 951 2190 pietas
977 2093 1144 2192 patrum

375 2196 429 2271 Et
456 2202 599 2271 vatum
626 2203 814 2271 veterum
840 2196 955 2272 fides.

268 2336 331 2410 Tu
360 2342 518 2412 certum
545 2337 689 2437 populi
717 2337 999 2414 Christiadum
1026 2338 1165 2430 decus,

269 2441 370 2542 Spes
399 2442 507 2519 orbis
535 2444 685 2536 miseri,
716 2443 848 2542 gloria
877 2443 1081 2520 Caelitum

267 2550 320 2624 Et
345 2551 464 2625 firma
491 2551 693 2649 ambiguis
720 2553 842 2625 rebus
870 2575 914 2625 es
942 2575 1106 2642 ancora,

373 2657 513 2756 Lapsu
540 2655 760 2756 praecipiti
788 2658 909 2733 salus

266 2797 436 2873 Maestis
466 2798 664 2872 auxilium
692 2797 868 2897 porrigis
898 2804 940 2874 et
966 2822 1094 2873 manu

266 2902 484 3002 Abstergis
512 2903 714 2995 lacrimae,
743 2911 914 3004 pectora
940 2907 1120 2997 roboras

266 3008 328 3084 Ne
356 3017 517 3109 mergat
544 3011 784 3086 barathrum
811 3036 917 3087 neve
946 3037 1049 3088 onus
1078 3010 1294 3112 opprimat,

372 3116 434 3193 Ne
462 3117 602 3192 laedat
628 3119 739 3193 mala
766 3117 912 3194 bestia.
1063 3140 1068 3148 ·
1354 3141 1398 3202 'o
1445 3198 1447 3203 ,

266 3256 441 3333 Delictis
470 3257 652 3359 trepidos
682 3259 878 3335 concilias
907 3260 1001 3335 deo:

266 3361 336 3438 Ad
363 3365 493 3439 vitam
520 3390 700 3458 revocas,
731 3390 832 3466 quos
863 3365 1007 3466 Stygio
1036 3365 1133 3442 lacu

266 3469 355 3545 Iam
383 3470 543 3547 vexisse
572 3472 738 3547 Charon
767 3472 946 3549 creditus
976 3480 1040 3550 est
1073 3479 1175 3565 rate,

371 3575 665 3678 Absumpsisse
693 3578 816 3655 Erebi
844 3579 967 3655 canis.

265 3717 314 3792 In
343 3743 443 3817 quos
471 3744 595 3818 saepe
623 3719 724 3795 furit
752 3721 840 3795 dira
868 3718 1087 3810 calumnia,

266 3825 457 3900 Insontes
485 3827 609 3901 variis
639 3826 878 3902 criminibus
906 3826 1068 3927 premit,

265 3933 298 4005 E
328 3931 631 4008 discriminibus
660 3933 845 4009 tristibus
875 3932 981 4008 eruis

369 4039 424 4114 Et
450 4046 541 4115 tuto
570 4039 613 4114 in
642 4040 744 4116 solio
772 4040 894 4115 locas.

264 4180 465 4255 Enarrare
494 4183 601 4257 solet
627 4190 756 4258 nauta
782 4182 976 4281 pericula,

266 4285 367 4375 Quis
394 4285 525 4363 fessus
554 4289 707 4365 totiens
736 4289 864 4365 sentit
892 4313 1013 4388 opem
1041 4296 1176 4365 tuam:

263 4393 383 4468 Miles
411 4394 571 4470 letifero
601 4397 767 4471 vulnere
797 4396 894 4470 dum
921 4395 1043 4488 iacet,

370 4499 410 4576 A
436 4508 478 4577 te
508 4502 734 4577 subsidium
762 4503 888 4579 venit.
