3164 5154
708 232 912 290 SILVARUM

733 535 872 601 XXIII.

586 750 838 830 DELICIAE
865 750 1035 828 VERIS.

377 965 460 1041 Ver
487 963 595 1041 redit
621 964 777 1039 laetum
803 962 926 1038 viridi
954 965 1195 1064 smaragdo:
1272 977 1314 1031 fol.
1330 978 1379 1034 191¹·

377 1070 520 1147 Induit
547 1096 591 1146 se
619 1070 725 1146 silva
753 1069 882 1166 comis
910 1071 1078 1162 renatis

376 1178 558 1254 ¹Arbores
586 1178 772 1275 gaudent
798 1176 920 1270 foliis,
949 1176 1106 1254 amictu

483 1285 611 1360 Prata
638 1282 804 1360 recenti.

376 1443 559 1544 Limpidi
585 1444 663 1519 rivi
691 1452 837 1520 tenues
864 1442 919 1520 ad
946 1467 1066 1519 auras

378 1551 456 1627 Vel
484 1559 609 1650 caput
635 1549 760 1626 fontis
788 1551 1003 1626 volucrum
1032 1575 1210 1627 canorae

379 1656 575 1734 Garriunt
602 1661 748 1734 turbae
775 1656 1058 1758 liquidumque
1086 1659 1268 1735 mulcent

483 1762 595 1840 Aera
622 1789 736 1840 voce.

377 1923 561 1999 Invicem
589 1924 738 2000 ludunt
764 1922 922 2000 nitidae
952 1924 1169 2000 columbae

377 2032 431 2106 Et
459 2055 553 2106 suas
581 2037 723 2106 narrat
750 2030 984 2107 Philomela
1011 2031 1212 2123 flammas,

379 2135 516 2236 Capra
542 2137 719 2230 lascivit,
750 2137 905 2214 saliunt
932 2144 975 2213 et
1003 2139 1102 2237 agni

488 2244 685 2319 Gramine
713 2245 833 2345 pasti.

377 2403 588 2481 Velticem
616 2403 752 2503 pisces
779 2404 966 2481 relevant
993 2408 1045 2480 ab
1074 2405 1206 2498 undis,

377 2510 546 2588 Leniter
574 2511 758 2586 condunt
784 2510 934 2587 iterum
963 2511 1125 2612 relapsi,

378 2619 494 2709 Quae
521 2617 633 2717 prius
662 2617 820 2709 diffusa,
850 2626 977 2696 ruunt
1003 2618 1163 2694 minore

483 2723 674 2799 Flumina
701 2750 832 2799 cursu.

377 2886 500 2960 Flora
526 2885 741 2961 thesauros
770 2883 905 2984 aperit
930 2885 1118 2977 latentes

376 2992 543 3067 Educet.
566 3000 676 3068 terra
703 2991 891 3067 subolem
917 2999 1147 3068 venustam.

377 3098 530 3173 Lilium
560 3098 721 3192 crescit,
750 3123 844 3174 rosa
873 3098 1013 3176 cincta
1040 3098 1169 3199 spinis

484 3206 626 3305 Surgit
652 3206 696 3281 in
723 3206 854 3281 horto.

378 3364 539 3441 Cuncta
565 3365 856 3442 nuncrident:
887 3365 1076 3442 Charites
1110 3389 1185 3466 per
1214 3389 1335 3465 agros

376 3470 606 3548 Ambulant
632 3474 777 3564 nudae,
803 3472 923 3547 violis
953 3471 1125 3571 capillos

376 3578 599 3677 Implicant
626 3580 767 3679 nigris,
796 3578 957 3678 trepido
985 3579 1144 3654 recedit

482 3684 657 3761 Pectore
686 3711 793 3761 cura.

376 3844 491 3934 Quae
519 3852 660 3920 tamen
689 3847 850 3923 sincera
876 3844 1056 3920 hominis
1084 3844 1292 3946 voluptas,

376 3950 508 4041 Quem
537 3958 601 4027 tot
628 3952 815 4028 adfectus
842 3955 1028 4028 lacerant
1056 3958 1098 4026 et
1125 3957 1302 4050 urgent?

374 4058 514 4133 Mente
542 4059 577 4134 si
605 4057 702 4134 forti
729 4084 922 4159 superare
950 4059 1093 4135 sollers

480 4164 637 4241 Vicerit
666 4190 811 4241 omnes
