<?xml version="1.0" encoding="UTF-8"?>
<!DOCTYPE html PUBLIC "-//W3C//DTD XHTML 1.0 Transitional//EN"
    "http://www.w3.org/TR/xhtml1/DTD/xhtml1-transitional.dtd">
<html xmlns="http://www.w3.org/1999/xhtml" xml:lang="en" lang="en">
 <head>
  <title>
</title>
<meta http-equiv="Content-Type" content="text/html;charset=utf-8" />
  <meta name='ocr-system' content='tesseract 3.04.00' />
  <meta name='ocr-capabilities' content='ocr_page ocr_carea ocr_par ocr_line ocrx_word'/>
</head>
<body>
  <div class='ocr_page' id='page_1' title='image "./psimonrettenbac00lehngoog/psimonrettenbac00lehngoog_0276.png"; bbox 0 0 3164 5154; ppageno 0'>
   <div class='ocr_carea' id='block_1_1' title="bbox 503 233 785 290">
    <p class='ocr_par' dir='ltr' id='par_1_1' title="bbox 503 233 785 290">
     <span class='ocr_line' id='line_1_1' title="bbox 503 233 785 290; baseline -0.007 0"><span class='ocrx_word' id='word_1_1' title='bbox 503 234 578 290; x_wconf 78' lang='grc' dir='ltr'>ΠΒ.</span> <span class='ocrx_word' id='word_1_2' title='bbox 595 233 651 290; x_wconf 84' lang='grc' dir='ltr'><strong>ΙΙΙ.</strong></span> <span class='ocrx_word' id='word_1_3' title='bbox 669 234 785 290; x_wconf 84' lang='grc'><strong>10-13.</strong></span> 
     </span>
    </p>
   </div>
   <div class='ocr_carea' id='block_1_2' title="bbox 166 431 1101 830">
    <p class='ocr_par' dir='ltr' id='par_1_2' title="bbox 167 431 1101 534">
     <span class='ocr_line' id='line_1_2' title="bbox 167 431 1101 534; baseline -0.005 -24"><span class='ocrx_word' id='word_1_4' title='bbox 167 434 286 510; x_wconf 87' lang='lat' dir='ltr'>Haec</span> <span class='ocrx_word' id='word_1_5' title='bbox 312 440 506 534; x_wconf 89' lang='lat' dir='ltr'>premant</span> <span class='ocrx_word' id='word_1_6' title='bbox 533 433 723 532; x_wconf 86' lang='lat' dir='ltr'>exempla</span> <span class='ocrx_word' id='word_1_7' title='bbox 750 438 868 508; x_wconf 88' lang='lat' dir='ltr'>tuum</span> <span class='ocrx_word' id='word_1_8' title='bbox 897 431 1101 508; x_wconf 91' lang='lat' dir='ltr'>dolorem:</span> 
     </span>
    </p>

    <p class='ocr_par' dir='ltr' id='par_1_3' title="bbox 166 539 820 618">
     <span class='ocr_line' id='line_1_3' title="bbox 166 539 820 618; baseline -0.006 0"><span class='ocrx_word' id='word_1_9' title='bbox 166 542 306 618; x_wconf 85' lang='lat' dir='ltr'>Rebus</span> <span class='ocrx_word' id='word_1_10' title='bbox 335 539 516 616; x_wconf 88' lang='lat' dir='ltr'>adversis</span> <span class='ocrx_word' id='word_1_11' title='bbox 545 539 683 615; x_wconf 88' lang='lat' dir='ltr'>animo</span> <span class='ocrx_word' id='word_1_12' title='bbox 712 539 820 614; x_wconf 90' lang='lat' dir='ltr'>virili</span> 
     </span>
    </p>

    <p class='ocr_par' dir='ltr' id='par_1_4' title="bbox 166 645 932 830">
     <span class='ocr_line' id='line_1_4' title="bbox 166 645 932 724; baseline 0 -2"><span class='ocrx_word' id='word_1_13' title='bbox 166 647 304 724; x_wconf 86' lang='lat' dir='ltr'>Fortis</span> <span class='ocrx_word' id='word_1_14' title='bbox 331 646 499 722; x_wconf 88' lang='lat' dir='ltr'>insistas</span> <span class='ocrx_word' id='word_1_15' title='bbox 527 671 606 722; x_wconf 91' lang='lat' dir='ltr'>nec</span> <span class='ocrx_word' id='word_1_16' title='bbox 634 648 784 722; x_wconf 88' lang='lat' dir='ltr'>acerba</span> <span class='ocrx_word' id='word_1_17' title='bbox 812 645 932 722; x_wconf 89' lang='lat' dir='ltr'>sortis</span> 
     </span>
     <span class='ocr_line' id='line_1_5' title="bbox 274 754 630 830; baseline 0 -2"><span class='ocrx_word' id='word_1_18' title='bbox 274 754 447 830; x_wconf 87' lang='lat' dir='ltr'>Terreat</span> <span class='ocrx_word' id='word_1_19' title='bbox 473 756 630 828; x_wconf 90' lang='lat' dir='ltr'>umbra.</span> 
     </span>
    </p>
   </div>
   <div class='ocr_carea' id='block_1_3' title="bbox 294 1243 1008 1485">
    <p class='ocr_par' dir='ltr' id='par_1_5' title="bbox 294 1243 1008 1485">
     <span class='ocr_line' id='line_1_6' title="bbox 604 1243 687 1310; baseline 0.012 -1"><span class='ocrx_word' id='word_1_20' title='bbox 604 1243 687 1310; x_wconf 92' lang='lat' dir='ltr'><strong>XII.</strong></span> 
     </span>
     <span class='ocr_line' id='line_1_7' title="bbox 294 1405 1008 1485; baseline -0.003 -1"><span class='ocrx_word' id='word_1_21' title='bbox 294 1405 543 1485; x_wconf 87' lang='lat' dir='ltr'>AMBIGUA</span> <span class='ocrx_word' id='word_1_22' title='bbox 570 1405 740 1484; x_wconf 89' lang='lat' dir='ltr'>SALUS</span> <span class='ocrx_word' id='word_1_23' title='bbox 768 1407 826 1484; x_wconf 94' lang='lat' dir='ltr'>IN</span> <span class='ocrx_word' id='word_1_24' title='bbox 853 1407 1008 1485; x_wconf 88' lang='lat' dir='ltr'><strong>AULA.</strong></span> 
     </span>
    </p>
   </div>
   <div class='ocr_carea' id='block_1_4' title="bbox 64 1564 1275 1879">
    <p class='ocr_par' dir='ltr' id='par_1_6' title="bbox 64 1564 1275 1879">
     <span class='ocr_line' id='line_1_8' title="bbox 112 1564 1265 1658; baseline -0.003 -16"><span class='ocrx_word' id='word_1_25' title='bbox 112 1565 283 1642; x_wconf 76' lang='lat' dir='ltr'>Retinet</span> <span class='ocrx_word' id='word_1_26' title='bbox 308 1571 352 1641; x_wconf 92' lang='lat' dir='ltr'>te</span> <span class='ocrx_word' id='word_1_27' title='bbox 380 1565 491 1641; x_wconf 89' lang='lat' dir='ltr'>nitor</span> <span class='ocrx_word' id='word_1_28' title='bbox 519 1566 647 1658; x_wconf 89' lang='lat' dir='ltr'>aulae,</span> <span class='ocrx_word' id='word_1_29' title='bbox 674 1564 809 1641; x_wconf 87' lang='lat' dir='ltr'>brevis</span> <span class='ocrx_word' id='word_1_30' title='bbox 837 1566 930 1641; x_wconf 89' lang='lat' dir='ltr'>aevi</span> <span class='ocrx_word' id='word_1_31' title='bbox 1139 1579 1189 1636; x_wconf 81' lang='lat' dir='ltr'>fol.</span> <span class='ocrx_word' id='word_1_32' title='bbox 1208 1582 1265 1638; x_wconf 66' lang='lat'>91¹·</span> 
     </span>
     <span class='ocr_line' id='line_1_9' title="bbox 112 1671 1030 1772; baseline -0.002 -23"><span class='ocrx_word' id='word_1_33' title='bbox 112 1671 270 1750; x_wconf 84' lang='lat' dir='ltr'>Subeat</span> <span class='ocrx_word' id='word_1_34' title='bbox 296 1698 350 1748; x_wconf 95' lang='lat' dir='ltr'>ne</span> <span class='ocrx_word' id='word_1_35' title='bbox 377 1697 602 1748; x_wconf 81' lang='lat' dir='ltr'><strong>memorem</strong></span> <span class='ocrx_word' id='word_1_36' title='bbox 631 1697 724 1772; x_wconf 87' lang='lat' dir='ltr'>spes</span> <span class='ocrx_word' id='word_1_37' title='bbox 752 1672 937 1749; x_wconf 89' lang='lat' dir='ltr'>animum</span> <span class='ocrx_word' id='word_1_38' title='bbox 963 1673 1030 1748; x_wconf 91' lang='lat' dir='ltr'>vel</span> 
     </span>
     <span class='ocr_line' id='line_1_10' title="bbox 64 1778 1275 1879; baseline 0 -24"><span class='ocrx_word' id='word_1_39' title='bbox 64 1804 155 1872; x_wconf 87' lang='lat' dir='ltr'>nor,</span> <span class='ocrx_word' id='word_1_40' title='bbox 186 1786 356 1855; x_wconf 88' lang='lat' dir='ltr'>aeterna</span> <span class='ocrx_word' id='word_1_41' title='bbox 382 1779 574 1879; x_wconf 87' lang='lat' dir='ltr'>voluptas</span> <span class='ocrx_word' id='word_1_42' title='bbox 604 1778 679 1856; x_wconf 90' lang='lat' dir='ltr'>tibi</span> <span class='ocrx_word' id='word_1_43' title='bbox 707 1805 760 1855; x_wconf 89' lang='lat' dir='ltr'>ne</span> <span class='ocrx_word' id='word_1_44' title='bbox 788 1780 898 1855; x_wconf 89' lang='lat' dir='ltr'>haud</span> <span class='ocrx_word' id='word_1_45' title='bbox 929 1779 1093 1855; x_wconf 78' lang='lat' dir='ltr'>excidat</span> <span class='ocrx_word' id='word_1_46' title='bbox 1126 1780 1234 1855; x_wconf 86' lang='lat' dir='ltr'>orbis</span> <span class='ocrx_word' id='word_1_47' title='bbox 1261 1815 1275 1855; x_wconf 71' lang='lat' dir='ltr'>a</span> 
     </span>
    </p>
   </div>
   <div class='ocr_carea' id='block_1_5' title="bbox 63 1938 1274 2251">
    <p class='ocr_par' dir='ltr' id='par_1_7' title="bbox 63 1938 1274 2251">
     <span class='ocr_line' id='line_1_11' title="bbox 111 1938 889 2037; baseline -0.001 -23"><span class='ocrx_word' id='word_1_48' title='bbox 111 1938 259 2015; x_wconf 86' lang='lat' dir='ltr'>Dubiis</span> <span class='ocrx_word' id='word_1_49' title='bbox 286 1941 408 2015; x_wconf 88' lang='lat' dir='ltr'>rebus</span> <span class='ocrx_word' id='word_1_50' title='bbox 438 1945 481 2015; x_wconf 88' lang='lat' dir='ltr'>et</span> <span class='ocrx_word' id='word_1_51' title='bbox 508 1938 609 2015; x_wconf 89' lang='lat' dir='ltr'>artis</span> <span class='ocrx_word' id='word_1_52' title='bbox 637 1939 741 2037; x_wconf 88' lang='lat' dir='ltr'>liget</span> <span class='ocrx_word' id='word_1_53' title='bbox 768 1940 889 2014; x_wconf 89' lang='lat' dir='ltr'>ardor</span> 
     </span>
     <span class='ocr_line' id='line_1_12' title="bbox 111 2043 962 2146; baseline 0 -26"><span class='ocrx_word' id='word_1_54' title='bbox 111 2043 298 2146; x_wconf 83' lang='lat' dir='ltr'>Cypridis</span> <span class='ocrx_word' id='word_1_55' title='bbox 325 2044 490 2121; x_wconf 89' lang='lat' dir='ltr'>funibus</span> <span class='ocrx_word' id='word_1_56' title='bbox 519 2052 592 2120; x_wconf 87' lang='lat' dir='ltr'>aut</span> <span class='ocrx_word' id='word_1_57' title='bbox 619 2045 738 2120; x_wconf 82' lang='lat' dir='ltr'>dulce</span> <span class='ocrx_word' id='word_1_58' title='bbox 765 2045 962 2121; x_wconf 89' lang='lat' dir='ltr'>micantis</span> 
     </span>
     <span class='ocr_line' id='line_1_13' title="bbox 63 2150 1274 2251; baseline -0.002 -23"><span class='ocrx_word' id='word_1_59' title='bbox 63 2151 162 2229; x_wconf 85' lang='lat' dir='ltr'>ahat</span> <span class='ocrx_word' id='word_1_60' title='bbox 189 2153 277 2228; x_wconf 92' lang='lat' dir='ltr'>auri</span> <span class='ocrx_word' id='word_1_61' title='bbox 306 2153 423 2228; x_wconf 88' lang='lat' dir='ltr'>iubar</span> <span class='ocrx_word' id='word_1_62' title='bbox 442 2158 514 2227; x_wconf 93' lang='lat' dir='ltr'>aut</span> <span class='ocrx_word' id='word_1_63' title='bbox 532 2150 688 2227; x_wconf 87' lang='lat' dir='ltr'>fercula</span> <span class='ocrx_word' id='word_1_64' title='bbox 714 2159 941 2251; x_wconf 70' lang='lat' dir='ltr'>nectarque</span> <span class='ocrx_word' id='word_1_65' title='bbox 958 2151 1188 2227; x_wconf 82' lang='lat' dir='ltr'>Falernum.</span> <span class='ocrx_word' id='word_1_66' title='bbox 1260 2185 1274 2225; x_wconf 73' lang='lat' dir='ltr'><strong>a</strong></span> 
     </span>
    </p>
   </div>
   <div class='ocr_carea' id='block_1_6' title="bbox 66 2310 1273 2625">
    <p class='ocr_par' dir='ltr' id='par_1_8' title="bbox 66 2310 1273 2625">
     <span class='ocr_line' id='line_1_14' title="bbox 110 2310 1110 2413; baseline 0.001 -28"><span class='ocrx_word' id='word_1_67' title='bbox 110 2310 236 2386; x_wconf 88' lang='lat' dir='ltr'>Miser</span> <span class='ocrx_word' id='word_1_68' title='bbox 264 2336 319 2403; x_wconf 89' lang='lat' dir='ltr'>es,</span> <span class='ocrx_word' id='word_1_69' title='bbox 350 2310 546 2413; x_wconf 82' lang='lat' dir='ltr'><strong>quamdiu</strong></span> <span class='ocrx_word' id='word_1_70' title='bbox 575 2312 746 2386; x_wconf 89' lang='lat' dir='ltr'>humum</span> <span class='ocrx_word' id='word_1_71' title='bbox 775 2310 993 2410; x_wconf 87' lang='lat' dir='ltr'>conspicis,</span> <span class='ocrx_word' id='word_1_72' title='bbox 1024 2311 1110 2386; x_wconf 88' lang='lat' dir='ltr'>alta</span> 
     </span>
     <span class='ocr_line' id='line_1_15' title="bbox 110 2417 1064 2518; baseline 0.002 -27"><span class='ocrx_word' id='word_1_73' title='bbox 110 2417 260 2494; x_wconf 86' lang='lat' dir='ltr'>Petere</span> <span class='ocrx_word' id='word_1_74' title='bbox 288 2418 402 2494; x_wconf 89' lang='lat' dir='ltr'>haud</span> <span class='ocrx_word' id='word_1_75' title='bbox 430 2417 606 2518; x_wconf 90' lang='lat' dir='ltr'>incipis:</span> <span class='ocrx_word' id='word_1_76' title='bbox 636 2443 689 2493; x_wconf 88' lang='lat' dir='ltr'>an</span> <span class='ocrx_word' id='word_1_77' title='bbox 719 2418 853 2494; x_wconf 91' lang='lat' dir='ltr'>sidera</span> <span class='ocrx_word' id='word_1_78' title='bbox 882 2418 1064 2509; x_wconf 69' lang='lat' dir='ltr'>scandes</span> 
     </span>
     <span class='ocr_line' id='line_1_16' title="bbox 66 2523 1273 2625; baseline -0.002 -26"><span class='ocrx_word' id='word_1_79' title='bbox 66 2523 201 2600; x_wconf 86' lang='lat' dir='ltr'>chesis</span> <span class='ocrx_word' id='word_1_80' title='bbox 230 2525 411 2602; x_wconf 87' lang='lat' dir='ltr'>stamina</span> <span class='ocrx_word' id='word_1_81' title='bbox 439 2550 534 2601; x_wconf 92' lang='lat' dir='ltr'>cum</span> <span class='ocrx_word' id='word_1_82' title='bbox 561 2524 739 2625; x_wconf 81' lang='lat' dir='ltr'>ruperit?</span> <span class='ocrx_word' id='word_1_83' title='bbox 768 2532 971 2602; x_wconf 86' lang='lat' dir='ltr'>astrorum</span> <span class='ocrx_word' id='word_1_84' title='bbox 1000 2523 1071 2599; x_wconf 93' lang='lat' dir='ltr'>ubi</span> <span class='ocrx_word' id='word_1_85' title='bbox 1100 2547 1196 2598; x_wconf 88' lang='lat' dir='ltr'>cura</span> <span class='ocrx_word' id='word_1_86' title='bbox 1259 2558 1273 2598; x_wconf 64' lang='grc' dir='ltr'>ο</span> 
     </span>
    </p>
   </div>
   <div class='ocr_carea' id='block_1_7' title="bbox 62 2683 1271 2998">
    <p class='ocr_par' dir='ltr' id='par_1_9' title="bbox 62 2683 1271 2998">
     <span class='ocr_line' id='line_1_17' title="bbox 110 2683 1037 2786; baseline 0.001 -27"><span class='ocrx_word' id='word_1_87' title='bbox 110 2684 209 2760; x_wconf 82' lang='lat' dir='ltr'>Fuit</span> <span class='ocrx_word' id='word_1_88' title='bbox 234 2709 444 2786; x_wconf 88' lang='lat' dir='ltr'>umquam,</span> <span class='ocrx_word' id='word_1_89' title='bbox 473 2691 548 2760; x_wconf 90' lang='lat' dir='ltr'>tua</span> <span class='ocrx_word' id='word_1_90' title='bbox 575 2711 670 2760; x_wconf 91' lang='lat' dir='ltr'>cum</span> <span class='ocrx_word' id='word_1_91' title='bbox 696 2685 766 2759; x_wconf 86' lang='lat' dir='ltr'>lux</span> <span class='ocrx_word' id='word_1_92' title='bbox 792 2684 869 2761; x_wconf 93' lang='lat' dir='ltr'>tibi</span> <span class='ocrx_word' id='word_1_93' title='bbox 896 2683 1037 2760; x_wconf 80' lang='lat' dir='ltr'>fulsit?</span> 
     </span>
     <span class='ocr_line' id='line_1_18' title="bbox 109 2790 1080 2892; baseline 0.001 -27"><span class='ocrx_word' id='word_1_94' title='bbox 109 2790 307 2866; x_wconf 86' lang='lat' dir='ltr'>Tenebris</span> <span class='ocrx_word' id='word_1_95' title='bbox 335 2798 377 2867; x_wconf 92' lang='lat' dir='ltr'>te</span> <span class='ocrx_word' id='word_1_96' title='bbox 405 2797 567 2892; x_wconf 85' lang='lat' dir='ltr'>premet</span> <span class='ocrx_word' id='word_1_97' title='bbox 595 2792 733 2883; x_wconf 86' lang='lat' dir='ltr'>Orcus,</span> <span class='ocrx_word' id='word_1_98' title='bbox 762 2790 1080 2890; x_wconf 87' lang='lat' dir='ltr'>Phlegethontis</span> 
     </span>
     <span class='ocr_line' id='line_1_19' title="bbox 62 2897 1271 2998; baseline -0.002 -27"><span class='ocrx_word' id='word_1_99' title='bbox 62 2897 122 2973; x_wconf 92' lang='lat' dir='ltr'>da</span> <span class='ocrx_word' id='word_1_100' title='bbox 135 2898 321 2991; x_wconf 83' lang='lat' dir='ltr'>adurent3</span> <span class='ocrx_word' id='word_1_101' title='bbox 341 2898 421 2973; x_wconf 88' lang='lat' dir='ltr'>nisi</span> <span class='ocrx_word' id='word_1_102' title='bbox 437 2897 643 2974; x_wconf 86' lang='lat' dir='ltr'>submittis</span> <span class='ocrx_word' id='word_1_103' title='bbox 660 2897 836 2998; x_wconf 90' lang='lat' dir='ltr'>Olympo</span> <span class='ocrx_word' id='word_1_104' title='bbox 853 2905 988 2998; x_wconf 82' lang='lat' dir='ltr'>caput,</span> <span class='ocrx_word' id='word_1_105' title='bbox 1005 2904 1144 2973; x_wconf 87' lang='lat' dir='ltr'>actum</span> <span class='ocrx_word' id='word_1_106' title='bbox 1158 2904 1230 2973; x_wconf 89' lang='lat' dir='ltr'>est.</span> <span class='ocrx_word' id='word_1_107' title='bbox 1245 2930 1271 2971; x_wconf 74' lang='lat' dir='ltr'>u</span> 
     </span>
    </p>
   </div>
   <div class='ocr_carea' id='block_1_8' title="bbox 61 3391 1255 3655">
    <p class='ocr_par' dir='ltr' id='par_1_10' title="bbox 61 3391 1255 3655">
     <span class='ocr_line' id='line_1_20' title="bbox 591 3391 690 3458; baseline 0.03 -3"><span class='ocrx_word' id='word_1_108' title='bbox 591 3391 690 3458; x_wconf 87' lang='lat' dir='ltr'><strong>XIH.</strong></span> 
     </span>
     <span class='ocr_line' id='line_1_21' title="bbox 61 3552 1255 3655; baseline 0 -25"><span class='ocrx_word' id='word_1_109' title='bbox 61 3552 246 3631; x_wconf 77' lang='lat' dir='ltr'>iAUDlA</span> <span class='ocrx_word' id='word_1_110' title='bbox 275 3552 609 3655; x_wconf 82' lang='lat' dir='ltr'><strong>QUAERENDA</strong></span> <span class='ocrx_word' id='word_1_111' title='bbox 636 3552 918 3631; x_wconf 88' lang='lat' dir='ltr'>PERPETUO</span> <span class='ocrx_word' id='word_1_112' title='bbox 947 3553 1255 3631; x_wconf 86' lang='lat' dir='ltr'><strong>DURATURA.</strong></span> 
     </span>
    </p>
   </div>
   <div class='ocr_carea' id='block_1_9' title="bbox 160 3711 1263 4132">
    <p class='ocr_par' dir='ltr' id='par_1_11' title="bbox 160 3711 1263 4132">
     <span class='ocr_line' id='line_1_22' title="bbox 160 3711 1263 3812; baseline -0.002 -26"><span class='ocrx_word' id='word_1_113' title='bbox 160 3711 255 3786; x_wconf 94' lang='lat' dir='ltr'>Non</span> <span class='ocrx_word' id='word_1_114' title='bbox 273 3736 341 3786; x_wconf 96' lang='lat' dir='ltr'>me</span> <span class='ocrx_word' id='word_1_115' title='bbox 359 3713 449 3787; x_wconf 88' lang='lat' dir='ltr'>laus</span> <span class='ocrx_word' id='word_1_116' title='bbox 467 3711 695 3803; x_wconf 89' lang='lat' dir='ltr'>hominum,</span> <span class='ocrx_word' id='word_1_117' title='bbox 725 3711 860 3812; x_wconf 87' lang='lat' dir='ltr'>gratia</span> <span class='ocrx_word' id='word_1_118' title='bbox 886 3737 964 3787; x_wconf 88' lang='lat' dir='ltr'>neo</span> <span class='ocrx_word' id='word_1_119' title='bbox 982 3711 1121 3801; x_wconf 86' lang='lat' dir='ltr'>trahit,</span> <span class='ocrx_word' id='word_1_120' title='bbox 1137 3724 1187 3780; x_wconf 79' lang='lat' dir='ltr'>for</span> <span class='ocrx_word' id='word_1_121' title='bbox 1206 3727 1263 3784; x_wconf 66' lang='lat'>91*-</span> 
     </span>
     <span class='ocr_line' id='line_1_23' title="bbox 162 3818 1050 3920; baseline 0.002 -28"><span class='ocrx_word' id='word_1_122' title='bbox 162 3818 287 3892; x_wconf 93' lang='lat' dir='ltr'>Dulci</span> <span class='ocrx_word' id='word_1_123' title='bbox 317 3818 499 3894; x_wconf 89' lang='lat' dir='ltr'>carmine</span> <span class='ocrx_word' id='word_1_124' title='bbox 526 3843 604 3892; x_wconf 88' lang='lat' dir='ltr'>nec</span> <span class='ocrx_word' id='word_1_125' title='bbox 632 3819 893 3920; x_wconf 88' lang='lat' dir='ltr'>Melpomene</span> <span class='ocrx_word' id='word_1_126' title='bbox 921 3819 1050 3919; x_wconf 90' lang='lat' dir='ltr'>rapit:</span> 
     </span>
     <span class='ocr_line' id='line_1_24' title="bbox 214 3924 679 4024; baseline -0.006 -22"><span class='ocrx_word' id='word_1_127' title='bbox 214 3924 344 4002; x_wconf 85' lang='lat' dir='ltr'>Venis</span> <span class='ocrx_word' id='word_1_128' title='bbox 371 3924 504 4024; x_wconf 87' lang='lat' dir='ltr'>gloria</span> <span class='ocrx_word' id='word_1_129' title='bbox 531 3925 679 4023; x_wconf 86' lang='lat' dir='ltr'>pennis</span> 
     </span>
     <span class='ocr_line' id='line_1_25' title="bbox 269 4030 838 4132; baseline -0.002 -25"><span class='ocrx_word' id='word_1_130' title='bbox 269 4030 419 4108; x_wconf 86' lang='lat' dir='ltr'>Sordet</span> <span class='ocrx_word' id='word_1_131' title='bbox 444 4055 523 4105; x_wconf 90' lang='lat' dir='ltr'>neo</span> <span class='ocrx_word' id='word_1_132' title='bbox 550 4031 694 4132; x_wconf 93' lang='lat' dir='ltr'>populi</span> <span class='ocrx_word' id='word_1_133' title='bbox 721 4030 838 4107; x_wconf 88' lang='lat' dir='ltr'>favor</span> 
     </span>
    </p>
   </div>
   <div class='ocr_carea' id='block_1_10' title="bbox 160 4172 1040 4480">
    <p class='ocr_par' dir='ltr' id='par_1_12' title="bbox 160 4172 1040 4480">
     <span class='ocr_line' id='line_1_26' title="bbox 160 4172 977 4291; baseline 0.005 -28"><span class='ocrx_word' id='word_1_134' title='bbox 160 4190 311 4265; x_wconf 87' lang='lat' dir='ltr'>Lactat</span> <span class='ocrx_word' id='word_1_135' title='bbox 339 4172 560 4266; x_wconf 88' lang='lat' dir='ltr'>sollicitum</span> <span class='ocrx_word' id='word_1_136' title='bbox 590 4215 787 4291; x_wconf 87' lang='lat' dir='ltr'>quaerere</span> <span class='ocrx_word' id='word_1_137' title='bbox 815 4190 977 4291; x_wconf 87' lang='lat' dir='ltr'>gaudia,</span> 
     </span>
     <span class='ocr_line' id='line_1_27' title="bbox 161 4295 1040 4396; baseline 0.001 -26"><span class='ocrx_word' id='word_1_138' title='bbox 161 4295 276 4387; x_wconf 87' lang='lat' dir='ltr'>Quae</span> <span class='ocrx_word' id='word_1_139' title='bbox 304 4320 531 4396; x_wconf 89' lang='lat' dir='ltr'>numquam</span> <span class='ocrx_word' id='word_1_140' title='bbox 560 4297 684 4374; x_wconf 91' lang='lat' dir='ltr'>dubio</span> <span class='ocrx_word' id='word_1_141' title='bbox 712 4299 879 4373; x_wconf 88' lang='lat' dir='ltr'>tramite</span> <span class='ocrx_word' id='word_1_142' title='bbox 909 4297 1040 4389; x_wconf 85' lang='lat' dir='ltr'>devia,</span> 
     </span>
     <span class='ocr_line' id='line_1_28' title="bbox 213 4403 627 4480; baseline 0.002 -3"><span class='ocrx_word' id='word_1_143' title='bbox 213 4403 344 4479; x_wconf 90' lang='lat' dir='ltr'>Laeto</span> <span class='ocrx_word' id='word_1_144' title='bbox 372 4405 454 4479; x_wconf 90' lang='lat' dir='ltr'>fine</span> <span class='ocrx_word' id='word_1_145' title='bbox 483 4405 627 4480; x_wconf 87' lang='lat' dir='ltr'>beatos</span> 
     </span>
    </p>
   </div>
   <div class='ocr_carea' id='block_1_11' title="bbox 267 4510 927 4587">
    <p class='ocr_par' dir='ltr' id='par_1_13' title="bbox 267 4510 927 4587">
     <span class='ocr_line' id='line_1_29' title="bbox 267 4510 927 4587; baseline -0.003 -3"><span class='ocrx_word' id='word_1_146' title='bbox 267 4510 454 4587; x_wconf 86' lang='lat' dir='ltr'>Tandem</span> <span class='ocrx_word' id='word_1_147' title='bbox 481 4511 651 4586; x_wconf 87' lang='lat' dir='ltr'>reddere</span> <span class='ocrx_word' id='word_1_148' title='bbox 679 4536 754 4586; x_wconf 89' lang='lat' dir='ltr'>nos</span> <span class='ocrx_word' id='word_1_149' title='bbox 783 4511 927 4586; x_wconf 89' lang='lat' dir='ltr'>solent.</span> 
     </span>
    </p>
   </div>
   <div class='ocr_carea' id='block_1_12' title="bbox 0 0 1586 5154">
    <p class='ocr_par' dir='ltr' id='par_1_14' title="bbox 0 0 1586 5154">
     <span class='ocr_line' id='line_1_30' title="bbox 0 0 1586 5154; baseline 0 0"><span class='ocrx_word' id='word_1_150' title='bbox 0 0 1586 5154; x_wconf 95' lang='lat' dir='ltr'> </span> 
     </span>
    </p>
   </div>
  </div>
 </body>
</html>
