3164 5154
702 472 803 537 ΧΙΠ.

102 673 178 748 ΑΙ)
218 671 474 749 SABINUM:
524 669 801 749 SOLACIUM
843 669 900 747 IN
942 669 1132 747 MORTE
1172 670 1386 748 UXORIS.

101 887 244 985 Luges
273 910 322 960 ac
350 888 508 959 maesto
537 882 766 958 lacrimaris
795 882 930 973 corde,
961 880 1129 958 Sabine:
1235 899 1285 953 foi.
1305 902 1358 955 sc·

211 991 372 1082 Uxoris‚
403 991 475 1067 ah!
504 1015 636 1089 nuper
662 995 760 1065 tuae
788 988 925 1064 tristia
951 987 1039 1064 fata
1066 989 1210 1086 gemis.

104 1096 229 1188 Quod
257 1097 390 1197 primo
421 1096 544 1173 castis
573 1097 769 1173 thalamis
799 1103 940 1195 erepta
968 1095 1161 1172 iuventae

215 1204 278 1279 Sit
304 1205 416 1296 flore,
446 1204 570 1278 nullis
598 1203 748 1296 liberis,
780 1203 850 1303 qui
876 1201 1058 1277 referant
1086 1204 1227 1277 oculos
1362 1261 1375 1298 r

104 1312 159 1387 Et
186 1312 353 1387 niveum
382 1312 534 1387 collum
561 1309 821 1409 frontemque
850 1316 974 1408 atque
1004 1333 1076 1385 ora
1103 1309 1285 1408 parentis

213 1418 453 1517 Leventque
483 1417 581 1492 diris
609 1425 780 1517 pectora
807 1416 1162 1492 sollicitudinibus.

104 1524 260 1600 Desine
289 1525 361 1600 sed
388 1526 527 1600 fletus:
558 1524 738 1599 coniunx
764 1530 837 1599 tua
864 1522 968 1598 vivit
996 1521 1192 1622 Olympo:

217 1632 277 1705 Tc
305 1633 418 1707 laeta
446 1631 579 1706 cernit
607 1634 658 1706 ab
689 1631 856 1706 aethere
884 1629 1186 1730 perfruiturque
1215 1631 1301 1706 deo.
1364 1685 1377 1724 s

103 1739 186 1813 Illa
213 1738 320 1814 bibit
348 1739 459 1813 dulci
487 1745 705 1813 manantes
738 1743 906 1812 nectare
934 1735 1071 1812 fontes

214 1846 268 1920 Et
286 1846 470 1945 pascitur
489 1845 662 1945 dapibus
682 1843 821 1934 sacris,
844 1868 944 1943 quas
972 1842 1050 1918 tibi
1069 1849 1179 1918 terra
1197 1851 1336 1943 negat.

103 1950 190 2026 Ast
219 1952 433 2027 desideriis
461 1977 579 2027 mens
606 1951 692 2027 icta
718 1951 908 2026 fidelibus
936 1951 1072 2025 ardet:

216 2057 391 2133 Auferre
421 2065 589 2157 cuperet
618 2059 769 2134 mellea
801 2058 918 2132 basia
946 2060 997 2132 ab
1028 2081 1098 2131 ore
1127 2057 1246 2133 Titae
1353 2111 1376 2149 η

104 2165 265 2241 Verum
295 2191 389 2240 cum
417 2165 573 2263 Stygiis
602 2190 724 2240 nemo
754 2171 970 2239 revocetur
998 2165 1050 2239 ab
1079 2163 1200 2237 undis

217 2273 271 2347 Et
300 2273 447 2348 fidibus
476 2272 586 2346 haud
613 2272 823 2346 reduxerit
850 2271 1038 2369 Orpheus
1065 2269 1310 2369 Eurydicen,

106 2379 202 2453 Non
232 2378 495 2477 respectandi
525 2378 679 2453 crudeli
708 2379 800 2476 lege
829 2379 1036 2452 revinctus

218 2485 373 2560 Amisit
414 2509 596 2576 uxorem,
635 2485 736 2559 heu!
775 2484 897 2558 nimis
943 2484 1146 2559 redditam
1194 2507 1337 2559 amans

1083 2590 1282 2665 tenebris:
1355 2641 1379 2681 u

109 2698 221 2788 Quid
250 2722 389 2797 speras
417 2697 611 2772 tandem?
641 2722 721 2798 quo
750 2704 791 2772 tc
821 2697 938 2772 dolor
965 2701 1087 2793 urget
1114 2698 1311 2771 acerbus?

217 2803 377 2881 Ardore
407 2807 700 2880 contabescere
729 2803 861 2903 gloria
890 2827 996 2902 quae
1023 2800 1169 2876 fuerit?

110 2911 271 3001 Quaere
301 2911 437 3002 aliam,
468 2935 573 3009 quae
601 2935 687 2986 non
716 2911 888 2985 abludat
915 2933 1054 2985 amore
1081 2907 1216 3008 priori,

218 3017 296 3092 Cui
319 3016 453 3094 forma
471 3024 687 3118 praestans
708 3018 902 3117 corporis,
928 3015 1064 3090 dulcia
1084 3023 1126 3090 et
1145 3015 1337 3115 alloquia.
1355 3067 1380 3106 20

109 3123 317 3225 Tempore
345 3126 405 3200 sic
432 3124 561 3200 animi
591 3125 741 3223 exiguo
770 3124 957 3199 solabere
986 3146 1119 3197 curas:

216 3229 370 3307 Aestus
389 3230 622 3331 refrigescit
639 3238 770 3321 vetus,
792 3256 884 3305 cunr
904 3254 1012 3303 nova
1031 3228 1199 3303 flamma
1220 3229 1337 3302 calet.

708 3777 805 3841 XIV.

474 3973 738 4053 CURARUM
775 3971 1027 4049 VANITAS.

106 4189 219 4280 Quid
248 4211 370 4263 curae
397 4186 550 4263 totiens
578 4187 773 4262 miserum
799 4182 961 4260 vexatis
989 4183 1141 4259 inertes
1245 4195 1297 4254 fol.
1314 4196 1371 4253 to*-

216 4296 272 4370 Et
297 4293 487 4394 rumpitis
518 4317 683 4369 somnos
711 4293 848 4368 leves?

108 4400 220 4493 Quid
247 4401 349 4476 mihi
378 4401 548 4476 divitiae
576 4400 764 4500 prosint?
793 4400 892 4498 quid
920 4398 1065 4497 iugera
1091 4398 1225 4472 bobus

218 4511 351 4584 Arata
378 4508 490 4583 mille
519 4507 724 4582 iuverint?
