3164 5154
458 262 532 317 LlB.
556 262 604 317 VI.
625 264 739 320 10-12.

570 495 632 560 XI.

63 692 266 771 lTERUM
293 690 667 769 PRAESCRIPTO
696 693 881 771 MORES
909 694 1203 772 FORMANDI.

63 896 95 948 is
121 871 233 970 finge
260 875 364 962 tuoe,
391 876 439 944 ut
464 877 624 945 veteres
651 871 910 971 praecipiunt
937 872 1072 972 sophi:
1088 885 1138 941 fol.
1152 888 1227 943 121¹·

63 983 220 1070 rectare,
249 976 410 1054 animos
440 976 703 1076 dogmatibus
732 977 802 1078 qui
829 978 1001 1080 capiunt
1027 980 1158 1055 noxis.

73 1091 188 1161 aetas
216 1084 363 1159 melius
383 1083 520 1184 prisca
539 1085 672 1176 docet,
704 1110 808 1185 quae
833 1086 990 1187 superis
1010 1088 1189 1186 placent.

68 1192 299 1293 spernenda
314 1190 491 1291 quidem,
510 1216 615 1291 quae
631 1191 794 1292 sapiens
808 1192 1022 1292 Liptiades
1037 1201 1190 1285 monet,
1218 1232 1232 1269 ι

63 1300 260 1399 ponenda
287 1304 429 1375 tamen
456 1299 722 1373 Romulidum
752 1299 877 1374 docta
905 1300 1119 1375 volumina

66 1430 263 1505 orumque
293 1406 404 1481 libri:
436 1405 594 1481 dulcius
624 1431 675 1480 ex
703 1405 818 1481 fonte
846 1407 963 1482 bibes
992 1432 1130 1506 aquas,

63 1538 97 1587 m
112 1513 248 1612 lapsas
263 1537 337 1612 per
350 1537 472 1612 agros
487 1520 560 1588 aut
573 1538 789 1588 nemorum
805 1520 951 1612 tesqua
964 1515 1188 1590 recondita.

63 1619 186 1721 :riptis
214 1619 411 1720 probitas,
440 1619 602 1718 relligio
632 1619 797 1696 suavius
827 1620 979 1697 emicat

63 1725 169 1827 quis,
198 1726 343 1802 vitium
375 1726 627 1827 deprimitur,
659 1734 796 1803 castus
826 1753 941 1803 amor
970 1728 1086 1804 calet.

63 1860 73 1909 ι
102 1833 261 1909 sincera
289 1834 391 1908 fides
419 1833 667 1933 pectoribus,
697 1833 831 1909 fronte
860 1835 1064 1911 modestia

63 1947 112 2032 :et
138 1947 350 2041 perpetu0,
380 1965 464 2015 non
493 1946 631 2015 tumor
659 1947 731 2016 aut
758 1941 942 2040 ambigui
972 1942 1065 2017 doli.

63 2048 245 2147 oplures
273 2046 471 2148 populum
500 2048 624 2146 longe
653 2048 744 2124 aliis
773 2048 929 2125 artibus
956 2049 1159 2140 imbuunt,
1206 2083 1231 2122 c

69 2154 249 2230 miscent
275 2156 453 2230 Erebum
483 2154 693 2247 sideribus,
722 2155 791 2253 qui
819 2155 1000 2231 tenebris
1030 2156 1151 2248 diem,

62 2268 244 2337 mentem
263 2262 452 2337 timidam
471 2261 689 2361 pelliciunt
707 2260 918 2338 fraudibus
939 2268 982 2338 et
1000 2263 1190 2363 strophis:

70 2369 248 2445 abscede
275 2369 420 2469 procul
447 2393 532 2443 non
560 2369 742 2460 monitis,
778 2369 850 2445 sed
878 2370 1047 2470 laqueis,
1082 2395 1191 2470 puer.

564 2900 644 2964 XII.

164 3079 350 3156 VANAE
378 3079 705 3158 MORTALIUM
735 3080 1031 3183 QUERELAE.

119 3255 257 3330 Turba
284 3257 471 3330 mortalis
500 3257 684 3355 queritur
710 3256 954 3357 frequenter,
1076 3273 1125 3329 fol.
1145 3274 1216 3330 122*-

120 3361 248 3438 Clade
278 3387 370 3437 oum
399 3364 521 3438 tellus
550 3364 738 3462 graviore
767 3365 952 3462 languet,

117 3468 236 3545 Bella
264 3495 359 3544 oum
387 3468 559 3562 fervent,
588 3478 764 3570 pereunt
791 3470 957 3548 sonanti

226 3575 438 3652 Grandine
466 3576 643 3652 fructus:

119 3735 351 3835 ‚Stragibus
381 3762 452 3810 cur
479 3764 552 3813 rex
579 3739 713 3838 replet
739 3761 845 3811 unus
875 3741 1027 3829 orbem,

120 3841 196 3917 Cui
225 3843 357 3918 scelus
387 3845 511 3936 cordi,
541 3845 664 3937 furor,
694 3845 766 3935 ira,
798 3844 958 3936 caedes,

117 3948 241 4025 Nulla
270 3951 336 4024 oui
363 3950 505 4041 virtus,
537 3952 731 4027 simulata
759 3958 923 4027 tantum

226 4057 386 4133 Haeret
414 4059 581 4157 imago?

119 4214 203 4292 Cur
230 4241 350 4315 agros
379 4223 543 4293 nostros
572 4215 699 4294 Asiae
728 4225 929 4318 tyrannus

118 4321 213 4400 Urit
239 4323 443 4416 immanis,
474 4325 585 4425 rapit
612 4325 808 4402 insolenti

116 4429 289 4506 Liberos
318 4431 361 4505 in
390 4432 603 4507 servitium
630 4433 822 4527 tumultu,

223 4537 394 4613 Moenia
420 4540 569 4615 vertit?
