3164 5154
705 267 907 323 SILVARUM

780 574 844 638 IX.

454 806 852 886 ECCLESIASTES
881 807 1165 886 IMPROBUS.

385 1020 576 1095 Pluribus
605 1020 740 1095 verbis
768 1021 966 1119 populum
996 1022 1156 1110 docere,
1283 1037 1330 1091 rol.
1350 1039 1391 1093 iss

386 1126 550 1220 Niteris,
582 1127 740 1216 Claudi,
772 1130 843 1202 sed
873 1153 974 1226 opus
1003 1129 1182 1204 vacillat.

384 1234 567 1311 Moribus
595 1234 801 1334 praefene
828 1234 963 1309 facem
992 1261 1172 1327 necesse,

489 1341 693 1442 Linquere
721 1340 837 1420 falsa.

384 1537 498 1612 Voce
527 1538 749 1637 proscribis
777 1538 925 1614 vitium
956 1563 1110 1630 severa

384 1643 544 1718 Intimis
574 1645 703 1719 nutris
732 1645 860 1719 animi
889 1645 1099 1720 medullis:

387 1749 544 1826 Caecus
574 1760 778 1827 errantem
811 1753 997 1829 stimulat
1026 1752 1199 1852 Cupide,

492 1858 636 1956 Cypris
665 1859 808 1934 adurit

383 2052 579 2127 Feminae
607 2061 744 2145 notae,
774 2054 920 2152 quibus
950 2080 1038 2130 esse
1067 2063 1210 2154 gratus

383 2159 563 2234 Diceris:
594 2161 710 2258 plebs
740 2168 959 2259 prepterea
987 2161 1147 2251 ferocit,

384 2266 566 2365 Corrigit
591 2293 669 2341 nec
699 2293 754 2358 se,
785 2268 979 2367 quoniam
1008 2266 1204 2367 profanus

490 2375 642 2449 Horret
670 2400 840 2449 arueras,

386 2577 528 2653 Sermo
560 2578 624 2651 cui
653 2578 822 2653 tandem
851 2579 1017 2678 placeat
1044 2579 1230 2670 disertus,

384 2683 464 2772 Qui
494 2684 624 2758 scelus
655 2686 837 2774 damnat,
867 2685 1025 2762 facinus
1055 2694 1233 2774 coercet,

382 2790 482 2867 Vita
510 2792 544 2864 si
574 2798 718 2866 contra
746 2801 916 2869 moneat
943 2800 1106 2893 patrare

490 2898 672 2973 Crimina
701 2900 849 2974 t'eeda?

383 3092 494 3169 Vera
523 3092 558 3166 si
586 3092 715 3168 virtus
744 3103 910 3170 moveat
936 3095 1125 3185 lacertos,

383 3199 522 3275 Rebus
551 3200 729 3275 aeternis
759 3202 924 3277 studeat
951 3201 1152 3294 modeste,

382 3305 534 3380 Pectus
562 3308 789 3382 humanum
817 3307 930 3384 sacili
958 3310 1099 3385 labore

488 3413 615 3488 Ducit
643 3416 686 3488 in
715 3416 855 3490 altum.

382 3609 525 3684 Vanus
555 3617 694 3686 orator
721 3613 873 3712 populo
903 3612 1076 3705 videtur,

386 3713 466 3804 Qui
493 3725 622 3816 negat
649 3720 772 3811 tacte,
803 3719 970 3795 simulat
998 3721 1107 3819 quod
1138 3746 1218 3796 ore.

385 3820 590 3899 Concinat
618 3825 785 3924 linguae
814 3853 959 3901 manus
989 3834 1031 3901 et
1058 3827 1169 3901 fideli

488 3931 649 4006 Serviat
677 3940 784 4008 actu.
