3164 5154
705 179 922 237 cremnon

759 482 861 548 XIX.

221 699 371 776 NIHIL
398 696 698 778 lNFELlClUS
726 698 810 793 EO,
842 696 932 776 CUI
960 696 1110 774 NlHlL
1140 695 1397 777 CONTIGIT

690 821 937 900 ADVERSI.

277 1036 463 1111 Fortuna
489 1035 641 1111 blando
671 1061 793 1135 quem
821 1034 977 1133 gremio
1007 1035 1126 1134 gerit,
1299 1048 1346 1104 fol.
1361 1051 1401 1106 ‘nr

277 1142 508 1218 Felicitatis
537 1142 669 1217 lactat
697 1147 740 1217 et
767 1146 902 1226 ubere,
1004 1192 1007 1197 -

333 1249 459 1324 Cuius
485 1249 575 1324 dies
605 1274 767 1347 semper
794 1272 960 1324 serenos

386 1355 632 1432 Dinumeret
658 1355 804 1431 niveus
832 1356 1014 1456 lapillus:

277 1552 386 1629 Huic
415 1553 533 1629 triste
560 1550 691 1628 fatum
721 1551 872 1629 certius
900 1550 1101 1644 imminet,

279 1659 412 1749 Quam
440 1660 502 1734 sol
529 1657 709 1758 refulget
737 1659 870 1735 clarus
899 1661 951 1734 ab
979 1661 1157 1762 aethere,

332 1766 436 1842 Cum
463 1766 579 1843 nulla
605 1769 734 1841 nubes
764 1769 903 1841 obstat
930 1767 1064 1842 aureis

385 1872 575 1949 Crinibus
605 1881 647 1948 et
674 1872 797 1948 radiis
827 1872 992 1948 diurnis,

277 2068 466 2145 Adversa
492 2095 577 2145 non
606 2069 665 2145 sic
694 2069 857 2145 laedere
885 2095 961 2144 nos
991 2077 1148 2169 queunt

279 2177 412 2267 Quam
440 2178 552 2253 laeta
579 2185 739 2252 mentes
768 2176 906 2251 ludere
935 2177 1095 2252 nescias

332 2283 417 2359 Nec
448 2290 512 2358 sat
540 2283 705 2383 peritas,
736 2307 840 2383 quae
869 2282 1025 2382 pericla

385 2391 493 2467 Orbe
521 2399 711 2490 premant
738 2389 972 2466 miseranda
998 2390 1122 2466 ritae.

279 2583 393 2660 Sami
421 2592 619 2682 tyrarmus
649 2586 762 2662 (licta
789 2587 1032 2684 Polycrates

279 2691 326 2765 In
356 2700 489 2767 morte
518 2692 656 2767 firmat
684 2694 885 2791 pendulus
916 2718 937 2766 e
967 2719 1101 2785 cruce,

333 2796 525 2872 Secunda
554 2799 621 2873 oui
650 2799 820 2898 spiravit
848 2822 948 2873 aura

384 2905 653 3005 Temporibus
683 2905 785 2981 senii
815 2931 864 2981 ac
892 2906 1095 2983 iuventae.

276 3101 472 3176 Alternat
500 3101 618 3176 annis
647 3103 805 3177 lubrica
834 3128 920 3177 sors
948 3103 1070 3194 vices,

278 3207 451 3283 Miscere
479 3208 574 3308 paci
602 3208 736 3308 iurgia
763 3210 952 3310 pertinax

330 3314 505 3389 Infesta:
537 3341 659 3415 quem
687 3342 912 3416 numquam
940 3316 1100 3414 petivit,

384 3420 547 3521 Aspera
574 3430 670 3497 sunt
696 3424 920 3498 metuenda
947 3425 1067 3499 bella.

279 3616 639 3716 Tranquillitatem
667 3644 752 3692 non
781 3618 903 3692 maris
933 3618 1087 3717 excipit

277 3723 526 3824 Plerumque
554 3729 714 3800 motus?
742 3750 826 3800 non
854 3723 1130 3824 Aquilonibus

334 3829 477 3905 Certat
505 3831 636 3906 Notus
665 3831 880 3931 tunditque
908 3832 1079 3922 nimbos,
1143 3910 1149 3923 ‚

386 3938 490 4012 Post
516 3938 724 4037 placidam
752 3940 975 4014 vehemens
1005 3938 1210 4038 quietem?

281 4133 396 4210 Soles
426 4135 608 4209 calentes
637 4135 772 4210 tristia
801 4137 1030 4235 quercubus

280 4241 483 4341 Silvisque
511 4247 655 4317 notum
685 4241 858 4316 fulmina
887 4241 1081 4341 consequi

335 4347 400 4424 Ao
428 4348 672 4446 grandinem
701 4350 845 4447 plagas
873 4356 1072 4424 nocentes

387 4455 624 4547 Arboribus,
653 4456 784 4553 segeti
813 4456 941 4530 ciere:
