3164 5154
728 222 932 281 SILVABUM

350 423 539 499 Flamma
566 421 755 499 caelestis
781 422 1047 498 vehementer
1073 422 1176 500 arsit

350 532 404 606 Et
431 530 500 606 diu
528 528 660 605 sancti
687 527 854 627 viguere
881 552 1027 621 mores,

352 635 575 715 Caesarum
604 636 735 712 donec
763 635 901 736 gravis
927 635 990 712 ira
1016 636 1171 712 mansit

456 744 511 820 ut
537 741 626 819 fera
651 743 773 819 bella.

351 903 479 980 Sacra
505 902 705 1005 paulatim
732 901 882 978 minuit
909 903 1069 1003 cupido,

350 1010 504 1087 Fervor
532 1009 724 1109 antiquus
752 1010 894 1110 procul
923 1012 1020 1086 orbs
1048 1008 1167 1111 fugit,

350 1117 592 1194 Praesulum
619 1122 762 1192 vertex
789 1116 860 1192 ubi
886 1116 1001 1193 fulsit
1027 1142 1140 1211 aure,

456 1225 661 1300 Marmore
689 1223 855 1322 templa.

350 1383 555 1484 Ligneum
584 1383 792 1483 quondam
821 1383 993 1460 calicem
1022 1383 1215 1460 sacerdos

352 1490 512 1567 Obtulit
539 1490 711 1591 supplex
737 1496 882 1566 tenues
910 1491 965 1568 ad
992 1515 1099 1567 aras:

352 1596 534 1674 Auream
561 1597 668 1673 texit
694 1595 942 1697 niveamque
969 1597 1097 1674 vitam

457 1705 647 1804 Paupere
673 1709 800 1779 veste.

352 1865 471 1940 Nunc
500 1863 625 1940 tholis
654 1841 787 1940 aureis
814 1864 949 1940 radiat
975 1864 1154 1957 lacunar,

351 1971 531 2046 Pulchra
559 1977 768 2069 gemmato
797 1971 904 2047 nitet
930 1997 1002 2048 ara
1030 1971 1158 2046 cultu:

351 2077 532 2177 Ligneos
560 2103 695 2153 mores
724 2077 963 2154 manifestat
988 2078 1080 2153 urbi

460 2183 602 2260 Serica
629 2186 750 2285 palla.

352 2341 546 2418 Plurimis
574 2343 702 2419 scissa
734 2350 777 2420 ct
803 2345 985 2420 lacerata
1012 2344 1133 2420 sectis

353 2449 499 2525 Prisca
527 2451 650 2526 cessit
676 2450 837 2551 relligio
865 2458 1095 2552 parentum,

353 2556 467 2656 Ignis
497 2562 540 2632 et
568 2557 721 2632 dudum
750 2560 858 2634 male
887 2583 985 2634 sana
1014 2558 1169 2659 primus

459 2662 596 2739 Corda
622 2665 798 2764 reliquit.

795 3321 855 3385 ΙΙΙ.

583 3531 877 3609 AVARITIAE
904 3532 1084 3610 LABES.

350 3743 546 3819 Mortales
576 3744 663 3818 sitis
691 3743 819 3844 impia
1320 3759 1370 3815 fol.
1389 3760 1437 3816 or·

458 3849 560 3925 Auri
589 3877 668 3952 quo
696 3851 807 3951 rapit
834 3857 876 3926 et
903 3874 1000 3925 cura
1027 3850 1253 3950 pecuniae?

349 3958 535 4034 Foedum
562 3959 739 4033 vendere
768 3957 956 4057 patriam,

456 4065 637 4143 Uxorem
670 4064 878 4166 propriam
911 4064 1073 4140 tradere
1102 4066 1310 4159 adulteris,
1434 4117 1445 4154 ⁴

351 4172 499 4249 Servos
526 4173 697 4247 reddere
724 4172 886 4264 liberos,

456 4278 564 4354 Aras
593 4279 801 4355 destruere
831 4284 873 4354 et
900 4277 1168 4355 christiadum
1197 4281 1342 4357 domos

349 4385 455 4486 Regi
484 4384 673 4462 addicere
700 4388 891 4462 barbaro:

457 4492 634 4592 Argenti
661 4492 771 4568 nitor
797 4493 902 4567 haec
931 4492 1070 4568 omnia
1096 4500 1318 4593 perpetrat.
1434 4542 1445 4581 ³
