3164 5154
608 252 684 307 LIB.
702 253 725 308 I.
744 255 824 310 4-6.

285 452 552 550 Franguntur
579 451 748 526 tumidis
775 452 869 527 vela
895 451 1176 551 Aquilonibus

285 557 590 657 Antennaeque
619 565 791 656 gemunt
817 583 896 633 nec
923 565 1041 635 tenet
1068 584 1224 636 ancora

337 664 494 740 Alnum
524 666 649 740 dente
677 664 816 741 tenaci

390 770 539 872 Ruptis
568 770 734 846 funibus
762 771 961 848 omnibus.

282 931 521 1031 Deprensus
550 930 685 1005 dubiis
715 956 794 1030 quo
823 931 981 1030 poteris
1010 932 1127 1008 vadis

282 1037 448 1113 Evitare
475 1038 600 1112 modo
630 1035 748 1112 triste
776 1037 1034 1137 periculum?

335 1144 500 1219 Flebis?
529 1144 712 1218 Numina
740 1145 863 1219 surda

388 1249 458 1325 Ad
485 1276 609 1327 voces
637 1250 910 1349 pereuntium.

281 1411 330 1484 In
358 1418 523 1511 portum
551 1409 690 1510 potius
718 1417 760 1485 te
786 1410 894 1486 refer
922 1437 947 1486 a
974 1410 1098 1486 minis

283 1517 491 1592 Commoti
519 1516 673 1617 pelagi:
704 1518 802 1591 dum
830 1518 939 1608 licet,
973 1519 1108 1616 effuge

334 1624 521 1699 Prudens
549 1624 696 1698 limina
722 1650 866 1723 regum

386 1730 527 1830 Atque
553 1732 689 1806 intuta
717 1732 868 1806 ducum
896 1731 1013 1806 atria.
1318 1782 1344 1821 u

280 1891 454 1965 Laetam
485 1890 597 1966 disce
626 1889 764 1966 animo
792 1889 1032 1991 pauperiem
1059 1891 1153 1989 pati

280 1997 334 2072 Et
362 2022 481 2072 curas
510 2022 652 2074 reseca
680 1998 813 2073 cordis
843 1997 1021 2087 inutiles,

339 2103 502 2204 Aegros
530 2130 639 2205 pone
668 2106 885 2180 tumultus:

393 2211 461 2287 Sic
488 2238 662 2311 regnum
690 2213 779 2310 ipse
808 2211 926 2287 dabis
954 2211 1042 2286 tibi.
1319 2263 1345 2304 2„

681 2795 740 2862 VI.

409 3008 667 3086 FORTUNA
696 3009 765 3085 ET
795 3008 1008 3086 CUPIDO.

290 3219 381 3310 Quo
401 3221 587 3295 Fortuna
615 3220 768 3296 trahit?
797 3246 877 3320 quo
898 3220 1073 3297 Veneris
1092 3246 1195 3321 puer
1233 3235 1283 3289 fol.
1302 3237 1338 3291 3²·

286 3326 476 3403 Abducit
503 3327 711 3419 miserum,
742 3352 835 3403 care
862 3328 1146 3404 Menecrates?

288 3433 390 3523 Quis
420 3440 578 3510 tetam
610 3434 758 3509 validis
786 3435 960 3511 nexibus
990 3435 1169 3511 eximet?

394 3540 494 3632 Quis
523 3542 656 3617 solvet
683 3549 756 3617 tua
783 3543 974 3617 vincula?

287 3703 404 3776 Haec
432 3701 540 3777 orbis
569 3701 674 3776 fatui
703 3702 887 3777 maxima
913 3704 1102 3778 numina:

288 3808 444 3883 Gentes
474 3807 697 3908 decipiunt,
727 3809 884 3885 retibus
912 3810 1133 3910 implicant

287 3915 566 4014 Insanamque
595 3923 737 3992 creant
764 3915 992 4016 perniciem
1022 3918 1223 4009 omnibus,

395 4022 506 4113 Quos
535 4022 756 4121 prudentia
785 4023 947 4098 deserit.

290 4179 518 4256 Coniurata
545 4189 716 4257 movent
742 4182 899 4282 proelia
927 4182 1114 4274 fortibus,

288 4287 443 4363 Virtuti
471 4288 621 4364 tacitas
649 4288 820 4364 insidias
848 4298 1007 4389 parant,

290 4395 348 4472 Ut
374 4396 572 4494 praedam
602 4395 738 4471 subito
768 4396 936 4495 corripit
963 4397 1104 4472 abdita

397 4501 518 4577 Silvis
547 4502 633 4578 sive
662 4527 787 4604 specu
815 4503 943 4600 tigris.
