3164 5154
588 237 661 292 LlB.
681 235 732 290 lv.
751 235 849 292 8-11.

700 432 747 496 X.

263 577 692 658 CONSIDERANDA
721 575 993 654 TEMPORIS
1020 573 1175 653 FUGA.

78 739 149 817 Sic
177 747 340 841 tempus
368 739 502 840 periit,
533 764 613 839 quo
643 737 761 814 licuit
789 737 923 813 sidera
951 737 1173 836 quaerere?
1216 749 1266 805 fol.
1285 749 1342 804 46¹·

78 846 201 938 Quod
215 847 407 922 molimur
421 848 549 947 opus?
566 845 663 946 quid
677 844 862 936 facimus,
878 845 975 918 dum
993 841 1309 943 properantibus

81 952 173 1028 Alis
202 953 304 1030 hora
330 952 445 1053 fugit,
475 953 572 1027 dum
602 951 724 1027 celeri
751 952 821 1026 lux
849 950 954 1049 pede
983 949 1171 1025 devolat?

79 1059 189 1151 Quid
215 1067 378 1159 torpere
406 1059 544 1136 iuvat?
573 1058 772 1158 languida
799 1083 871 1133 cur
899 1057 1086 1132 ducimus
1116 1055 1224 1131 otia?
1336 1089 1350 1127 4

81 1165 165 1242 Cur
191 1167 354 1242 virtutis
382 1166 460 1242 iter
489 1165 740 1241 deserimus?
770 1191 842 1239 cur
870 1163 1069 1239 trahimus
1098 1166 1256 1238 moras?

80 1274 188 1350 Cum
216 1273 327 1349 vitae
355 1273 552 1349 Lachesis
581 1273 651 1347 fila
679 1278 804 1363 secat,
834 1296 1002 1371 parcere
1030 1269 1194 1346 nesciae

80 1380 218 1458 Umae
247 1380 389 1455 sistere
416 1405 493 1455 nos
523 1380 709 1478 cogimur
737 1386 780 1455 et
807 1378 1003 1452 iudicium
1032 1377 1130 1477 pati.

82 1485 285 1562 Assuet-os
313 1486 423 1562 vitiis
453 1487 543 1561 dira
570 1487 730 1562 animos
758 1485 947 1585 implicat
975 1483 1177 1583 anguibus

83 1592 259 1684 Allect0‚
288 1594 455 1693 Stygias
486 1601 601 1669 certa
628 1593 742 1668 faces
771 1617 964 1692 spargere
992 1598 1163 1691 pectore

81 1699 221 1774 Foede
252 1700 500 1776 criminibus.
529 1701 647 1775 Mens
676 1699 857 1800 trepidat
884 1696 1060 1790 conscia,
1089 1700 1257 1772 verbere

83 1804 256 1881 Occulto
287 1807 488 1905 quatitur;
519 1809 553 1882 si
581 1807 719 1898 liceat,
749 1805 955 1904 discupiat
982 1804 1105 1879 mori:

85 1911 152 1988 Sic
180 1920 376 2012 torquent
404 1914 569 2005 stimuli,
609 1914 668 1989 sic
698 1913 871 2012 agitant,
905 1911 1054 1987 intima
1085 1910 1309 1984 lancinant.
1327 1942 1351 1979 12

81 2018 139 2093 At
168 2020 296 2095 virtus
326 2021 445 2096 oculo
474 2020 731 2120 Tisiphonen
759 2019 867 2094 ridet
893 2018 1077 2095 amabili:

83 2125 188 2200 Nam
219 2151 364 2202 secura
390 2127 453 2201 sui
483 2127 728 2226 supplicium
757 2151 842 2201 non
869 2125 990 2202 timet
1017 2131 1090 2200 aut
1116 2123 1264 2199 minas:

82 2231 169 2307 Nec
197 2232 320 2308 iudex
347 2233 503 2332 rigidus
533 2238 768 2309 commovet
796 2239 868 2308 aut
895 2232 1027 2330 flagra
1055 2231 1256 2322 sonantia,

84 2337 179 2414 Non
209 2365 357 2415 saevae
384 2339 526 2431 furiae,
565 2366 649 2416 non
688 2339 801 2414 canis
830 2345 902 2414 aut
937 2337 1102 2413 horrida
1128 2337 1309 2411 fiumina.
1327 2367 1352 2405 u

82 2445 115 2522 Ο
145 2445 248 2521 felix
276 2447 448 2538 animus,
480 2473 604 2547 quem
633 2448 833 2522 scelerum
859 2446 1024 2521 vincula
1050 2470 1135 2519 non
1162 2444 1309 2542 ligant!

81 2552 230 2628 Insons
258 2553 316 2628 nil
344 2554 513 2645 metuit3
544 2555 616 2629 sed
643 2553 771 2629 veluti
799 2553 929 2628 libera
958 2577 1121 2627 carcere

83 2659 216 2736 Crura
243 2660 398 2736 attollit
423 2686 562 2760 equus,
584 2661 681 2734 dum
708 2667 903 2761 properat
922 2659 1085 2733 vincere
1115 2656 1310 2745 cursibus,

81 2766 152 2842 Sic
181 2766 355 2842 festinus
384 2767 472 2843 abit
498 2793 576 2842 nec
602 2767 784 2842 retinent
812 2765 983 2840 deliciae
1013 2770 1084 2840 aut
1113 2789 1221 2861 epea,
1326 2793 1353 2832 20

80 2873 240 2949 Metam
269 2880 366 2949 voto
396 2875 516 2949 avido
545 2874 762 2975 perveniat
789 2874 921 2947 donec
950 2872 1003 2948 ad
1030 2870 1230 2946 ultimam.

80 2980 177 3054 Non
205 2981 375 3056 confidit
406 2980 514 3057 iners
542 2980 760 3081 praecipiti
788 2978 986 3078 temporis
1015 2977 1187 3073 orbitae,

81 3085 165 3162 Sed
193 3093 376 3163 maturat
407 3112 518 3188 opus.
547 3085 616 3162 Sic
643 3086 731 3162 fieri
761 3086 956 3161 convenit
983 3110 1032 3159 ac
1062 3085 1190 3159 decet.

79 3192 212 3268 Aetas
241 3200 383 3269 nostra
412 3195 525 3269 velut
551 3194 623 3269 nix
650 3194 776 3269 radiis
806 3194 890 3269 iota
918 3192 1160 3282 calentibus,

79 3299 221 3375 Vemo
251 3303 335 3377 sole
363 3301 466 3393 fluit,
498 3301 655 3377 decidit
683 3308 807 3399 atque
837 3300 889 3374 ad
917 3300 1120 3374 tumulum
1148 3297 1310 3396 migrat.

80 3404 126 3481 Si
154 3407 263 3482 vires
290 3407 444 3483 minuit
471 3415 633 3508 tempus
664 3407 781 3500 edax,
811 3406 845 3481 si
873 3430 1048 3507 propero
1078 3405 1210 3504 gradu

78 3512 293 3606 Abscedit,
314 3514 532 3589 minimum
554 3513 622 3614 qui
650 3539 760 3589 reses
790 3521 863 3604 est,
884 3538 968 3587 non
994 3512 1071 3587 erit
1098 3512 1309 3586 innocens

694 3884 760 3950 XI.

78 4027 151 4103 AD
190 4025 710 4105 Pohvchhpuu1:.N1L
750 4028 970 4104 TEMERE
1013 4025 1362 4105 CREDENDUM.

293 4187 474 4262 Auribus
502 4214 607 4278 raro,
637 4188 875 4287 Polycarpe,
904 4189 1036 4279 crede,
1218 4201 1267 4254 fol.
1286 4201 1338 4255 47¹·

293 4294 451 4369 Delitet
479 4320 622 4369 verum
650 4303 776 4393 puteo
805 4295 1024 4395 profundo:

295 4400 431 4475 Ambo
462 4401 572 4500 quod
602 4410 775 4476 cernunt
804 4401 924 4493 oculi,
954 4400 1158 4500 prementi

400 4508 576 4583 Luditur
603 4512 759 4584 umbra.
