3164 5154
468 232 539 287 LIB.
557 231 609 286 XL
628 234 745 288 21-22.

548 552 665 618 XXII.

266 766 445 843 PARVA
472 766 591 844 NON
621 766 953 846 SPERNENDA.

180 979 356 1079 Magnus
386 979 535 1053 evades
563 978 735 1055 minimo
763 980 918 1073 labore,
1077 998 1125 1053 fol.
1146 1000 1216 1054 184*-

181 1086 224 1162 Si
252 1094 324 1162 tuo
353 1085 442 1185 regi
471 1085 596 1161 fueris
624 1086 756 1161 fidelis

180 1193 381 1269 Omnibus
409 1196 549 1267 rebus:
577 1192 682 1267 nihil
711 1200 951 1293 anteponas,

285 1300 403 1375 Iussa
431 1300 625 1399 sequaris.

178 1494 373 1593 Dignitas
402 1495 457 1571 sit
483 1520 612 1595 parva
638 1494 740 1571 licet
767 1520 845 1570 neo
873 1497 1001 1571 ullum

179 1602 289 1676 Hine
318 1601 393 1677 tibi
423 1602 568 1676 eredas
597 1603 721 1677 deous
750 1601 1004 1678 adfuturum:

178 1709 406 1784 Maximum
434 1707 613 1783 fructum
641 1709 791 1809 oapieS,
821 1711 1024 1811 benignus

284 1815 494 1891 Provehet
521 1816 654 1891 ardor.

178 2011 366 2086 Flamma
394 2011 576 2086 scintilla
603 2012 718 2087 tenui
745 2020 917 2112 repente

179 2117 321 2216 Surgit
346 2118 513 2216 ingens:
543 2123 655 2193 terra
680 2126 823 2195 movet
849 2126 1012 2195 retento

178 2224 301 2300 Aeoli
329 2249 459 2315 serve,
490 2225 592 2300 levis
621 2251 722 2301 aura
749 2227 867 2326 ponti

285 2332 482 2408 Concitat
508 2333 651 2407 undas,

178 2527 353 2600 Flumen
381 2525 629 2601 immensum
656 2527 821 2602 modico
849 2526 1083 2627 profectum

178 2634 310 2707 Fonte
339 2632 527 2724 deourrit3
555 2632 705 2708 virides
734 2639 777 2708 et
804 2636 926 2709 arbor

179 2739 372 2839 Explicat
398 2763 547 2830 ramea,
576 2746 718 2816 tenero
747 2739 846 2817 lieet
873 2741 926 2815 sit

285 2846 451 2921 Semina
478 2853 590 2922 nata.

177 3042 312 3117 Parva
341 3043 410 3141 qui
439 3044 608 3141 spernit,
637 3043 739 3118 vitio
768 3045 1023 3145 propinquus

178 3148 313 3225 Astat:
342 3148 385 3222 in
412 3149 550 3224 labem
577 3148 690 3225 facili
717 3151 837 3226 ruina

178 3256 365 3346 Decidat,
397 3257 432 3329 si
459 3282 545 3332 non
572 3257 745 3333 meliora
774 3260 941 3334 doctum

286 3363 431 3438 Servat
459 3362 669 3465 Olympus.

179 3556 253 3629 Est
280 3555 382 3631 fides
410 3558 660 3655 praestanda
688 3561 801 3659 operi
830 3560 977 3634 minori

179 3661 360 3761 Semper,
389 3672 436 3738 ut
463 3665 618 3740 maiore
646 3665 823 3741 habeare
852 3667 1013 3765 dignus.

177 3770 332 3868 Magna
357 3796 582 3870 numquam
610 3773 796 3871 perficiet
824 3779 970 3861 tumor,
1001 3799 1093 3848 oum

283 3877 489 3976 Neglegat
517 3880 611 3953 ima.
