3164 5154
578 248 654 306 LIB.
671 247 723 304 lv,
744 249 824 304 6-8.
1281 253 1345 312 22?

172 450 266 525 Non
293 448 424 524 laetas
451 447 559 522 vises
587 445 712 521 silvas
739 471 818 522 nec
846 471 1024 523 amoena
1050 445 1212 547 piorum

279 556 404 647 Rura,
434 553 507 628 sed
534 553 631 653 igne
658 553 758 644 luce,

174 662 290 754 Quae
318 661 446 737 nimio
466 660 660 736 membris
681 659 818 736 studio
840 659 1054 758 indulgere
1072 666 1240 760 paratus

281 769 454 870 Semper
481 792 571 843 eras
598 766 723 842 fatue.
1309 817 1335 857 20

175 878 332 978 Sperne
358 875 606 975 voluptates,
636 873 755 948 annis
782 898 860 949 nec
888 873 1046 949 lubrica
1073 897 1222 972 quaere

283 982 446 1058 Gaudia
473 980 556 1057 iam
584 981 761 1080 gravior.

174 1089 371 1166 Lascivos
399 1095 536 1165 motus
565 1087 729 1164 frenent
756 1086 920 1178 ieiunia,
951 1087 1092 1188 culpas

281 1195 525 1272 Dissoluant
550 1195 759 1270 lacrimae.
1309 1245 1336 1284 n

177 1303 369 1404 Corporis
399 1309 463 1378 est
490 1301 595 1377 divis
623 1308 713 1377 tum
743 1300 963 1399 castigatio
991 1306 1110 1399 grata

281 1408 557 1508 Difficilisque
584 1408 710 1495 labor,

177 1517 282 1594 Cum
309 1541 440 1592 noxas
466 1516 686 1615 lapsusque
715 1514 853 1591 animo
875 1514 1070 1590 deflemus
1090 1537 1242 1605 amare,

285 1623 431 1700 Sidera
459 1621 716 1722 suspicimus.
1311 1672 1336 1711 u

660 2132 756 2199 VIII.

237 2314 571 2394 CARMINIBUS
600 2314 951 2392 PRAEFERTUR
980 2315 1182 2395 AURUM.

179 2493 355 2569 lllustris
384 2518 574 2569 canerem
602 2493 773 2592 virginis
801 2494 995 2587 indolem,
1182 2509 1232 2564 fol.
1255 2512 1325 2568 102¹·

177 2601 360 2677 Felicem
388 2601 568 2700 genium,
598 2626 823 2701 purpureas
852 2626 1004 2694 comas,

178 2708 403 2806 Fulgentes
433 2708 575 2783 oculos
604 2707 804 2783 sideribus
831 2733 951 2808 pares

179 2817 232 2890 Et
259 2838 393 2890 mores
421 2813 587 2890 niveos:
617 2815 690 2891 sed
717 2814 870 2890 retinet
898 2823 1044 2908 metue,

178 2923 239 2997 Ne
267 2920 351 2996 fors
379 2921 669 3022 Melpomenen
698 2922 839 3021 exigat
866 2923 1047 3015 aedibuS‚

179 3031 360 3103 Tantum
388 3027 610 3103 versiculos
639 3054 729 3103 cum
761 3029 918 3129 lepidos
945 3029 1063 3124 ferat,

180 3136 274 3211 Non
303 3159 457 3226 aurum,
488 3135 636 3233 Tyriae
665 3161 836 3210 munera
864 3137 930 3211 vel
958 3142 1093 3236 togae.

178 3243 324 3317 Fortes
356 3241 616 3317 concinerem
645 3242 817 3317 militiae
847 3243 983 3334 duces,
1327 3299 1340 3338 Β

181 3348 261 3440 Qui
290 3348 452 3447 fregere
481 3348 606 3423 trucis
636 3349 850 3425 Sithoniae
879 3375 1059 3442 manum,

180 3454 373 3531 Obscuris
401 3462 446 3530 ut
475 3463 543 3530 eat
572 3455 751 3554 Cynthia
778 3457 980 3549 cornibus,

180 3563 347 3661 Ingenti
376 3562 534 3637 validas
563 3563 714 3661 pellere
744 3565 884 3663 copias

183 3668 263 3760 Qui
291 3669 391 3742 nixu
420 3677 590 3769 potuere
618 3670 730 3744 haud
758 3670 894 3745 timidi
923 3671 1027 3746 mori
1316 3728 1340 3765 a

180 3777 234 3852 Et
262 3775 330 3874 qui
360 3801 500 3852 arcere
529 3777 664 3852 solent
690 3776 920 3874 foedifrage
949 3778 1115 3876 agmina

182 3883 395 3959 Gallorum
424 3883 581 3982 patriae
609 3884 757 3959 finibus
786 3893 911 3983 atquc
939 3886 1047 3983 agris

182 3988 343 4088 Quique
372 3990 585 4089 imponere
614 3999 758 4066 amant
787 3991 1017 4068 Sarmatico
1047 3994 1210 4082 throno,

182 4095 315 4185 Quem
345 4096 539 4195 suffragia
569 4122 617 4172 eo
646 4099 844 4174 nobilium
874 4109 1036 4176 vocant.
1316 4151 1340 4190 1⁶

183 4204 401 4278 Moschum
429 4205 539 4279 haud
568 4205 843 4302 neglegerem.
873 4208 1038 4282 moenia
1066 4207 1229 4282 Tartari

183 4308 262 4400 Qui
292 4311 439 4409 pulsat.
470 4312 653 4410 trepidos
682 4314 844 4387 arcibus
875 4315 974 4389 eicit

183 4418 321 4516 Atque
351 4419 475 4492 armis
505 4420 682 4510 cohibet,
714 4419 991 4495 Christiadum
1022 4421 1168 4519 plagas

183 4524 244 4599 Ne
272 4532 435 4600 vastare
464 4524 579 4601 furor
605 4552 718 4601 more
748 4552 820 4601 suo
850 4537 983 4626 queat.
1317 4579 1343 4617 20

1199 4647 1250 4702 ror
