3164 5154
595 520 747 588 XXXV.

105 697 180 773 AD
214 698 564 778 FERNANDUM:
598 701 1016 802 RELINQUENDAS
1050 698 1227 781 CURAS

543 825 797 903 MINORES.

192 981 225 1058 O
254 991 393 1061 mente
422 985 531 1060 celsa
560 984 778 1062 consilium
807 1011 920 1086 cape,
1166 1000 1215 1057 fol.
1232 1003 1285 1058 15¹·

191 1092 418 1182 Femande‚
448 1093 636 1192 dignum:
664 1118 779 1168 sume
808 1094 1052 1193 superbiam,

245 1197 405 1274 Attolle
434 1200 590 1289 cristaS,
619 1199 809 1275 irretorto

300 1304 470 1406 Suspice
499 1306 658 1381 caelum
687 1307 805 1383 oculo
836 1331 1035 1382 serenum.

192 1446 282 1520 Illic
310 1446 451 1523 licebit
476 1456 697 1550 perpetuas
726 1448 847 1540 faces,

193 1553 283 1628 Illic
311 1554 533 1630 micantem
562 1580 726 1632 cernere
754 1579 994 1656 purpuram:

139 1700 145 1711 ι
248 1660 355 1750 Quid
382 1661 513 1736 lilium
541 1661 686 1738 frontis
716 1663 948 1737 caducum?

301 1767 459 1857 Quidve
487 1793 605 1844 rosae
632 1768 829 1868 fugientis
857 1769 974 1844 aevi?

194 1910 342 1984 Idaeus
371 1909 470 1984 arsit
498 1910 761 2007 Tyndariden
787 1936 900 2009 puer,

194 2016 302 2091 Pinu
331 2016 459 2091 citata
486 2017 599 2094 vexit
626 2018 870 2093 adulteram:

248 2122 328 2197 Ast
355 2122 476 2198 Ilium
498 2125 753 2223 consumpsit
779 2124 887 2223 ignis

301 2230 354 2304 Et
380 2238 538 2305 veteres
566 2231 721 2306 Priami
749 2237 931 2331 penates.

197 2372 375 2446 Tantum
403 2372 603 2446 malorum
630 2397 714 2446 non
743 2373 867 2447 decus
896 2373 1036 2448 attulit

199 2477 288 2553 Oris
316 2477 505 2553 venusti?
533 2504 617 2555 non
647 2479 755 2554 oculi
782 2478 906 2578 vagi?

249 2586 354 2676 Heri,
385 2585 572 2685 Cypridis
599 2610 773 2660 vesanus
801 2591 938 2661 aestus
1117 2680 1118 2683 Ἴ

304 2692 470 2767 Moenia
498 2701 598 2792 quot
626 2693 739 2767 dedit
766 2693 809 2766 in
836 2693 1020 2767 ruinam!

199 2835 301 2909 Auri
332 2834 479 2934 cupido
509 2860 630 2933 quarn
660 2833 811 2932 segetis
839 2833 953 2908 ferax

201 2941 373 3041 Semper
399 2941 609 3016 nocentis!
641 2941 748 3016 Cura
775 2941 975 3040 pecuniae

254 3049 364 3140 Quot
392 3049 553 3139 damna,
598 3055 698 3144 quot
725 3049 862 3121 clades
892 3048 934 3121 in
964 3048 1103 3121 orbem

306 3156 492 3245 invehat,
522 3154 632 3228 haud
659 3179 873 3228 numerare
903 3154 1047 3252 possis

199 3299 290 3374 Hac
317 3299 410 3373 labe
437 3305 558 3372 notus
586 3322 659 3371 rex
682 3297 888 3395 Phrygiae
916 3297 1060 3385 Midas,

202 3405 371 3481 Stamen
399 3404 547 3479 recidit
575 3403 640 3477 cui
667 3404 862 3478 Lachesis
891 3402 1019 3478 fame:

254 3511 357 3587 Cum
385 3511 521 3610 tangit
549 3536 694 3597 escam,
730 3536 870 3584 aurum
900 3510 1078 3606 refulget

306 3620 369 3693 Ac
397 3618 569 3692 moritur
597 3617 770 3716 dapibus
800 3617 994 3717 superbis.

200 3762 324 3837 Fastu
354 3760 530 3836 tumenti
559 3785 660 3858 quos
688 3760 821 3834 honor
848 3758 1029 3846 attrahit,

201 3868 279 3958 Qui
307 3892 436 3967 regna
463 3867 503 3940 vi
531 3868 597 3942 vel
624 3867 834 3942 tiaudibus
863 3865 1061 3953 ambiunt,

254 3975 384 4065 Quam
415 3982 575 4049 maesta
603 3974 721 4049 sortis
751 3972 861 4046 ducit
890 3977 1008 4044 auru!

309 4082 441 4173 Quam
470 4081 593 4155 dubio
621 4079 830 4180 trepidant
857 4078 1020 4153 timore!

203 4222 354 4322 Ampio
384 4223 427 4296 in
455 4228 600 4297 senatu
629 4221 864 4295 vulneribus
893 4221 1014 4294 jacce.
1069 4227 1072 4231 ’

203 4328 401 4405 Confosse
431 4330 593 4404 Caesar.
624 4328 771 4402 Dicere
801 4327 890 4425 quis
920 4336 1060 4401 tamen

257 4438 348 4511 Hoc
378 4436 532 4511 crimen
562 4436 681 4519 ausit,
710 4435 754 4508 ni
783 4434 958 4515 reboilis,

310 4542 507 4617 Proditor
533 4550 606 4617 aut
634 4541 776 4641 cupiat
802 4540 970 4614 vorari?
