3164 5154
458 295 529 350 nra.
548 293 614 349 vn.
634 256 748 351 ri-ra.

178 497 334 572 Laudis
362 495 513 594 affulge
541 494 706 594 proprio
736 493 881 584 nitore,

176 606 308 679 Facta
335 627 421 678 non
449 602 582 678 solum
610 601 821 676 eelebrent
846 607 1084 701 parentum:

177 714 232 788 Et
260 712 384 786 deous
414 734 578 809 sperare
607 708 706 784 lieet
734 710 965 809 superbum,

283 818 464 902 Munera,
494 815 658 891 famam.

181 961 225 1038 Si
254 961 374 1060 pigro
404 984 542 1034 socors
570 959 702 1033 lateas
730 963 909 1049 veterno,

181 1070 298 1144 Labe
326 1067 392 1141 vel
419 1073 542 1141 notus
573 1065 714 1164 cupias
742 1064 888 1139 videri:

180 1175 342 1251 Evehet
368 1179 411 1246 te
439 1172 573 1271 gloria
599 1172 721 1263 nulla,
749 1171 822 1246 fies

288 1279 448 1355 Fabula
475 1277 599 1377 vulgi.

185 1423 314 1521 Surge
341 1421 457 1497 letali
485 1420 644 1495 iuvenis
673 1445 831 1519 sopore,

186 1530 318 1606 Corde
346 1528 562 1627 languenti
590 1527 735 1602 vitium
763 1527 931 1602 revelle:

186 1637 287 1737 Spes
317 1636 395 1711 erit
422 1634 578 1711 fruetus
608 1642 650 1709 et
676 1635 855 1724 honoris,
886 1635 1023 1734 ampla

291 1742 483 1818 Praemia
513 1743 673 1818 cedent.

563 2059 665 2123 XIII.

195 2222 408 2300 TEMPUS
436 2224 577 2300 BENE
606 2221 1015 2299 IMPENDENDUM.

191 2383 400 2473 Ludimus
431 2384 527 2457 dum
555 2383 641 2457 vita
669 2381 786 2481 fugit,
818 2381 1041 2457 cachinnos
1107 2396 1155 2450 fol.
1178 2396 1246 2451 137ยน-

194 2490 405 2580 TollimuS,
437 2491 533 2564 dum
560 2499 724 2589 tempus
754 2489 842 2563 abit
870 2489 1008 2563 citatis

194 2596 378 2672 Avolans
407 2598 553 2695 pennis
581 2596 709 2671 veluti
738 2596 892 2694 sagitta

299 2702 412 2779 Aera
438 2705 608 2779 findens

196 2845 295 2936 Quis
322 2852 462 2946 potest
490 2873 643 2922 annum
670 2870 862 2920 revocare
889 2844 1073 2944 lapsum?

197 2953 296 3042 Quis
325 2954 434 3028 diem
463 2954 582 3043 sistit,
611 2952 762 3028 retinet
789 2953 855 3028 vel
882 2953 1053 3026 horam?

198 3059 371 3159 Septimi
399 3087 518 3135 curru
545 3066 792 3160 properante
822 3059 946 3134 saeoli

303 3167 489 3243 Vertitur
517 3168 633 3242 orbis

197 3308 411 3382 Perdimus
439 3310 544 3400 vino,
574 3308 758 3406 dapibus,
789 3307 938 3406 quiete,

198 3415 317 3504 Quod
346 3417 444 3490 deus
472 3423 634 3514 tompus
664 3415 809 3489 tribuit
837 3413 975 3506 saluti3

198 3523 291 3599 Una
320 3530 569 3622 quapropter
596 3522 754 3621 patriae
782 3523 930 3595 beatae

306 3629 370 3704 Sit
397 3631 472 3704 tibi
502 3655 609 3703 eura.

199 3772 403 3847 Plurimas
432 3773 465 3846 si
496 3772 659 3846 divitias
687 3773 730 3845 iu
759 3771 879 3845 aedes

201 3878 411 3977 Congeras
440 3905 621 3977 magnae,
651 3878 859 3954 cumulare
889 3878 1029 3951 sollers

200 3986 360 4061 Aureos
390 3993 565 4061 montes:
596 3986 781 4084 rapiente
810 3984 895 4058 fato

306 4091 417 4166 Aera
446 4096 662 4168 sonabunt.
1229 4142 1253 4180 ffi

204 4233 310 4322 Quid
342 4236 535 4333 chlamys
563 4234 688 4308 vestis
718 4234 840 4330 Tyrio
869 4258 1027 4306 veneno

202 4340 333 4430 Picta,
365 4343 463 4440 quid
491 4367 690 4441 gemmae,
719 4340 920 4429 diadema,
951 4347 1170 4438 sceptrum,

204 4447 428 4524 Consulum
455 4447 598 4535 fascea,
627 4447 767 4547 populi
797 4447 861 4521 vel
890 4448 1012 4521 aura?

311 4556 459 4632 Omnia
486 4582 605 4631 vana.

1111 4692 1162 4746 poa
