3164 5154
705 219 912 278 SILVABUM

378 418 546 494 Nullum
574 419 755 497 colorem
781 419 880 496 lana
906 418 1013 496 bibit
1038 418 1181 519 nigra:

380 525 534 604 Omnes
561 525 605 602 in
632 525 755 602 horas
783 552 827 603 se
856 527 962 604 solet
988 525 1176 603 albicans

431 633 595 710 Mutare
621 633 760 726 vestis,
789 633 913 711 foeda
939 632 1094 725 naevis,

486 738 682 815 Sordibus
712 746 754 816 et
781 739 955 817 maculis
982 747 1193 842 peruncta.

379 898 619 976 Constantis
646 899 773 977 index
802 909 866 979 est
892 900 1020 977 animi
1047 899 1201 1000 nigror,

378 1007 508 1083 Frons
538 1011 631 1083 atra
659 1008 760 1084 sorti
790 1008 935 1085 cedere
963 1007 1113 1099 nescia

432 1112 608 1189 Adferre
636 1139 790 1191 noxam
817 1122 998 1193 maestus
1026 1114 1159 1190 imber

487 1220 564 1297 Oui
590 1221 735 1320 nequit
763 1227 836 1298 aut
863 1221 1082 1322 Aquilonis
1110 1221 1267 1299 horror.

377 1379 540 1457 Mentes
567 1380 704 1457 viriles
732 1388 775 1459 et
801 1380 928 1460 facies
957 1382 1077 1458 decet

377 1485 559 1564 Assueta
586 1489 663 1564 soli
690 1504 776 1566 n'on
805 1490 893 1565 sine
920 1490 1101 1590 pulvere:

433 1595 537 1670 Cum
564 1593 728 1671 feminis
757 1595 855 1695 quin
882 1597 951 1672 fila
980 1595 1144 1689 ducant,

484 1700 592 1777 Lilia
620 1703 709 1801 quis
737 1704 930 1803 placuere
958 1703 1106 1779 vultus.

379 1860 653 1962 Transcripsit
681 1862 778 1939 olim
806 1888 872 1940 me
901 1863 1001 1940 deus
1029 1864 1072 1939 in
1099 1862 1229 1941 viros:

377 1967 567 2045 Robusta
592 1967 726 2045 Mauri
753 1995 839 2047 non
867 1970 1026 2072 species
1053 1971 1194 2048 iuvet?

432 2074 662 2151 Contemno
691 2078 821 2153 malas
850 2077 1047 2154 delicatas

484 2184 537 2257 Et
562 2183 708 2259 niveae
736 2184 922 2261 valedico
950 2187 1105 2261 turbae.

763 2787 843 2853 XII.

563 3003 739 3082 MUNDI
767 3002 1048 3084 DECEPTIO.

375 3215 553 3290 Mundus
583 3217 738 3317 decipit
767 3225 809 3293 et
835 3217 1039 3319 decipitur
1066 3218 1198 3295 simul.
1301 3236 1350 3291 fol.
1366 3237 1413 3293 82¹·

375 3323 588 3399 Mendacis
618 3325 739 3401 stibio
767 3323 909 3401 fallere
939 3325 1037 3401 dum
1065 3325 1215 3416 studet,

375 3429 554 3530 Depicta
581 3432 745 3531 egregie
773 3430 930 3507 fallitur
956 3433 1077 3511 icone

481 3535 621 3637 Atque
649 3542 795 3615 umbra
821 3539 912 3615 vice
941 3539 1132 3641 corporis.

374 3697 581 3775 Virtutem
610 3697 777 3776 simulat
804 3725 928 3800 saepe
954 3698 1119 3791 ferocia,

375 3805 429 3880 Se
456 3806 600 3881 Martis
628 3807 814 3882 subolem
835 3807 936 3883 dicit
955 3814 997 3883 et
1015 3806 1227 3901 aestimat3

374 3911 434 3987 At
460 3918 597 4009 gestat
622 3913 805 4012 leporem
833 3922 1000 4015 pectore
1028 3913 1202 4004 concite,

483 4017 614 4108 Quem
642 4017 755 4096 frons
782 4021 939 4121 pallida
967 4021 1150 4112 denotat,

373 4177 484 4252 Dum
513 4186 686 4278 surgrmt
713 4182 803 4258 acie
833 4184 976 4256 crebra
1002 4180 1199 4281 pericula,

373 4286 426 4361 Et
453 4286 606 4360 bellum
635 4287 760 4364 dubia
786 4288 939 4363 luditur
967 4290 1077 4366 alea:

376 4390 508 4481 Quam
524 4394 688 4468 laudem
704 4396 871 4472 tumidis
883 4397 1051 4473 vocibus
1067 4396 1225 4489 ambiit,

481 4501 609 4601 Turpi
636 4502 883 4603 praecipitat
910 4502 1018 4603 tuga.
