3164 5154
476 246 549 301 LIB.
568 246 636 300 XII.
655 249 734 303 7-9.

179 444 288 533 Quid
315 444 391 519 tibi
420 445 595 520 mentis?
624 445 797 519 meliora
826 470 981 536 censes,

178 551 292 640 Quae
321 552 466 650 prooul
494 551 614 626 terris
643 552 816 628 veniunt
843 552 1023 642 remotis,

179 658 290 746 Quas
317 658 428 755 rigat
456 657 636 756 Ganges
667 659 801 757 Tigris
830 667 903 734 aut
931 684 1129 736 amoenus

283 764 451 840 Lambit
478 765 722 864 Hydaspes?
1209 820 1233 859 a

178 925 398 1014 Quaelibet
424 925 547 998 tellus
576 948 651 998 sua
680 925 789 998 dona
818 925 966 1000 iactet:
1096 934 1098 938 '

177 1031 357 1108 Nitimur
384 1056 460 1105 nos
491 1031 653 1129 eloquio
684 1031 847 1122 diserte,

180 1138 222 1212 Si
250 1139 352 1213 velis
379 1138 498 1228 vires,
530 1138 653 1212 deous
683 1145 725 1213 et
752 1138 927 1212 nitorem

283 1246 461 1320 Nosoere
490 1245 666 1343 linguae.

557 1583 685 1590 ...η-..ψ-

574 1846 637 1910 ΙΧ.

191 2061 368 2138 AULAE
396 2062 533 2140 LAUS
562 2062 631 2137 ET
659 2062 1003 2140 VlTUPERlUlll.

175 2272 284 2348 Aula
311 2272 474 2347 virtutis
504 2273 610 2348 solet
638 2298 727 2348 esse
757 2274 885 2365 sedes,
1086 2289 1135 2342 fol.
1157 2292 1230 2344 191¹·

176 2379 218 2454 Si
248 2404 389 2456 saurae
418 2378 610 2478 prinoeps
639 2379 808 2478 pietatis
836 2381 956 2455 heres

176 2485 341 2562 Crimen
372 2486 552 2586 expellit,
583 2511 774 2585 proceres
803 2486 989 2586 profanis

280 2593 464 2668 Moribus
495 2600 618 2667 aroet.

176 2752 318 2828 Suevit
346 2761 390 2828 at
418 2752 499 2827 diei
527 2751 618 2826 vitii
648 2754 868 2842 theatrum,

176 2858 218 2934 Si
247 2859 360 2933 favet
387 2864 524 2934 rector
552 2859 709 2950 sceleri,
738 2859 948 2934 ministros

175 2966 327 3042 Evehit
354 2964 504 3055 vafros,
535 2965 668 3042 dubiis
697 2975 910 3065 protervos

283 3071 453 3146 Artibus
483 3079 613 3147 ornat.

176 3232 273 3321 Ista,
306 3232 415 3330 quod
446 3231 619 3307 suadere
649 3233 923 3308 calumniator

176 3338 264 3413 Aut
292 3339 484 3415 adulator
511 3339 658 3415 solitus
688 3339 841 3415 dolosis

176 3445 419 3537 Fraudibus,
448 3471 580 3545 prona
607 3447 713 3522 bibit
741 3472 839 3522 aure
867 3471 1021 3536 vecors,

284 3552 417 3628 Ardet
445 3562 488 3629 et
515 3553 613 3629 odit.

178 3711 371 3787 Suaviter
398 3712 645 3788 caelestibus
676 3712 962 3788 obsecundans

177 3819 255 3893 Illa
276 3818 495 3912 mandatis,
524 3820 690 3919 patitur,
719 3820 827 3919 quod
857 3820 996 3893 obstet

177 3924 359 4024 Legibus
388 3926 554 4018 sanetis,
583 3927 700 4018 nihil,
730 3936 802 4002 aut
829 3934 1009 4001 tumore-

284 4032 439 4108 Peooet
466 4033 591 4108 inani.

179 4191 335 4290 Regiae
364 4193 492 4267 limen
520 4191 679 4267 iuvenis
707 4191 934 4290 frequenta,

179 4298 222 4374 Si
251 4301 425 4398 probam
456 4299 588 4375 cernis
617 4299 705 4373 sino
734 4299 840 4373 labe:
870 4298 995 4386 disee,

178 4405 364 4480 Publicis
393 4430 498 4504 quae
526 4405 765 4480 muneribus
794 4405 985 4504 gerendis

286 4511 392 4587 Oura
420 4512 475 4588 sit
502 4520 610 4612 apta.
