3218 5144
181 270 199 327 6
721 260 939 316 clamatur

181 457 363 556 Quisque
400 458 512 533 domi
550 458 734 532 residens
768 464 881 532 artus
908 456 1024 534 fovet
1051 458 1148 557 igne
1176 465 1421 561 temperato

285 565 339 639 Et
366 561 555 663 fungitur
583 571 700 640 sueto
730 566 783 639 ad
811 563 949 639 seeum
978 565 1130 641 labore.

181 672 407 747 Solvuntur
435 670 557 745 eitius
587 695 705 745 saara
732 695 915 762 munera,
944 671 1080 746 nullus
1108 673 1256 748 haeret
1285 674 1385 770 aris,

285 776 457 852 Devitat
483 802 609 852 aurae
639 777 811 876 quilibet
839 775 1030 852 furorem.

182 885 403 958 Certamen
430 884 559 958 veluti
589 884 685 957 dum
714 884 889 958 sumitur
918 891 960 959 et
987 884 1143 960 eadunt
1170 886 1360 986 manipli,

287 989 355 1063 Ad
383 990 558 1066 tutiores
588 989 808 1065 conferunt
834 991 999 1088 repulsa

181 1097 364 1194 Agmina
393 1121 437 1170 se
455 1102 603 1171 turres:
633 1097 870 1171 vehementi
889 1096 948 1172 ita
965 1121 1110 1196 pressa
1127 1101 1251 1174 turba
1263 1100 1416 1174 bruma

286 1203 477 1279 Festinat
504 1203 627 1278 aedes
656 1202 817 1301 ingredi
846 1205 1041 1278 ualentes,

180 1310 298 1383 Nune
326 1316 440 1384 artus
468 1309 632 1409 tepidos
662 1308 771 1384 dulei
799 1310 920 1385 decet
946 1309 1117 1409 irrigare
1144 1309 1318 1385 Baccho

287 1417 341 1489 Et
368 1416 485 1490 triste
514 1422 679 1516 tempus
707 1416 900 1515 mitigare
928 1422 1041 1516 potu.

181 1522 298 1596 Nune
314 1521 483 1620 genium
501 1523 669 1622 placare
688 1548 801 1597 mero
823 1523 937 1598 iuvet
956 1529 1081 1621 atque
1100 1546 1242 1597 amore
1256 1523 1408 1600 blando

284 1629 434 1703 Lenire
462 1636 643 1704 maestos
671 1629 851 1727 pectoris
881 1631 1055 1704 labores.

179 1735 245 1808 Nil
276 1734 437 1809 differre
466 1736 579 1811 libet.
616 1736 727 1809 Mors
756 1736 923 1810 vellicat
951 1760 1108 1811 aurern:
1139 1734 1253 1809 abire
1282 1736 1407 1825 terris,

287 1840 391 1915 Cum
419 1841 557 1916 Parca
585 1851 746 1917 stamen
775 1849 947 1940 rumpet,
976 1842 1086 1916 haud
1115 1843 1320 1916 morabor.

180 1949 324 2021 Donec
352 1947 439 2022 fata
468 1948 606 2024 sinent
632 1974 707 2022 nos
736 1949 882 2038 vivere,
911 1956 1055 2023 saneto
1085 1955 1127 2023 et
1154 1948 1369 2024 innocenti

284 2052 443 2129 Ardere
471 2062 632 2129 mentes
661 2056 821 2128 imbuat
849 2055 1051 2153 voluptas,

797 2760 838 2823 V.

420 2992 535 3069 NON
565 2992 847 3070 FIDENDUM
874 2992 1223 3073 PRINClPlBUS.

394 3222 524 3308 Quem
554 3221 685 3296 laetat
712 3221 814 3296 varii
844 3222 980 3319 gratia
1007 3222 1216 3324 principie,
1326 3239 1377 3293 fol.
1397 3239 1434 3294 Ψ·

393 3332 527 3414 Quem
555 3327 664 3402 fietis
694 3327 885 3402 dominus
914 3328 1022 3404 fallit
1050 3329 1259 3405 amoribus

445 3433 499 3506 Et
529 3457 623 3531 spes
653 3435 822 3509 credula
849 3436 963 3524 ludit,

497 3537 632 3614 Aulae
661 3541 757 3614 dum
786 3541 897 3614 nitor
924 3542 1112 3616 attrahit:

395 3701 484 3774 Heu
513 3724 637 3797 quam
666 3697 824 3773 difficili
851 3704 988 3774 tentat
1014 3700 1095 3775 iter
1122 3700 1205 3775 via!

393 3804 528 3892 Quam
556 3805 657 3903 pinu
686 3804 822 3903 fragili
852 3806 1050 3881 sollicitat
1078 3813 1209 3881 mare!

445 3911 581 4010 Nigris
610 3912 778 3986 horrida
804 3913 939 3986 ventis

499 4018 651 4093 Cernat
679 4018 840 4117 saepius
870 4043 1058 4119 aequora.

392 4175 472 4249 Vix
501 4183 652 4273 pacata
678 4177 779 4250 ratis
807 4178 931 4252 litera
959 4179 1123 4270 deserit,

391 4283 457 4355 Ad
488 4307 634 4357 caecos
665 4284 858 4382 scopulos
887 4310 979 4359 cum
1008 4285 1117 4384 rapit
1145 4284 1310 4361 Africus

443 4390 496 4463 Et
525 4391 811 4487 spumantibus
840 4392 960 4465 undis

499 4495 744 4584 Quassatam
775 4496 893 4582 simul
924 4498 1063 4573 obicit.
