3164 5154
727 232 940 290 onumen

331 432 441 509 Hine
470 437 612 508 sancte
640 431 792 532 egendi
819 455 973 529 magna
999 432 1240 525 necessitas,

330 538 516 616 Mortalis
544 537 692 630 auden,
723 537 919 638 imposita
947 538 1127 630 esttibi,

387 647 499 721 Dum
527 644 706 720 iudieem
734 643 908 719 versaris
936 649 1047 735 ente,

445 750 577 841 Quem
604 750 728 826 latuit
754 750 858 825 nihil
887 755 961 825 aut
987 749 1148 826 latebit.

332 908 540 986 Solaeium
567 909 715 1008 ingens
742 908 787 982 in
814 908 985 1008 trepidis
1013 908 1134 984 melis

333 1015 531 1115 Spectare
558 1038 754 1116 praesens
780 1039 935 1090 numen
962 1019 1005 1090 et
1031 1014 1165 1091 invios

383 1123 475 1198 Hee
502 1121 599 1220 igne
627 1120 876 1222 pertransire
902 1121 1027 1196 eolles

436 1228 523 1304 Nee
551 1226 705 1327 Stygiis
732 1226 900 1302 retineri
929 1229 981 1303 ab
1009 1226 1176 1302 umbris.
1409 1279 1432 1319 u

748 1753 867 1818 ΧΧΠ.

464 1915 538 1991 AD
567 1914 742 1993 DIVUM
770 1911 1136 1992 BENEDICTUM.

328 2074 522 2150 Plurimis
556 2075 665 2150 natis
695 2074 848 2174 Cybele
877 2073 1071 2174 superbit,
1300 2089 1350 2144 rol.
1369 2090 1419 2145 er·

329 2178 519 2255 Siderum
546 2187 690 2271 meter,
720 2181 911 2279 genetrix
940 2181 1126 2255 deorum:

327 2287 449 2361 Hane
477 2287 619 2362 Iovem
648 2293 690 2362 et
718 2287 833 2362 divos
861 2286 1069 2386 peperisse
1096 2290 1243 2362 vatum

437 2392 631 2468 Carmina
658 2399 840 2470 narrent.
899 2467 903 2473 .

328 2551 510 2651 Singulis
540 2559 676 2629 castas
705 2553 865 2629 animas
894 2551 1037 2626 diebus

326 2655 520 2734 Advoeas
550 2659 686 2733 astris:
715 2657 863 2735 vitiata
891 2656 1017 2733 corda

326 2765 437 2839 Dum
465 2765 576 2862 riges
605 2763 730 2840 saeris
759 2763 938 2855 monitis,
969 2761 1112 2838 salutis

434 2868 581 2946 Abluis
609 2870 742 2945 undis.

325 3028 512 3104 Plurium
539 3035 583 3105 te
613 3029 847 3105 Caelituum
874 3034 1089 3128 parentem

326 3133 539 3212 Creditum
569 3135 734 3225 dudum,
763 3134 1001 3225 Benediete‚
1030 3132 1154 3223 fame,

328 3240 431 3315 Cum
459 3247 533 3315 tue
560 3242 735 3317 multum
764 3241 818 3315 sit
846 3241 1023 3316 adaucta
1049 3239 1163 3341 prole

488 3347 676 3422 Numinis
705 3347 812 3422 aule.

735 3854 871 3920 XXIII.

511 3998 656 4077 FUGA
688 3999 880 4077 TURPlS
912 3999 1093 4076 MILITI.

377 4157 551 4234 Miscere
578 4158 723 4234 Martis
751 4160 908 4259 proelia
935 4159 1128 4250 fervidus,
1289 4171 1341 4227 fol.
1359 4170 1411 4228 er·

377 4265 459 4341 Pro
487 4265 623 4365 patrie
650 4265 790 4343 Oddes
817 4290 902 4341 non
929 4266 1098 4341 timidus
1126 4266 1230 4342 mori

430 4371 645 4447 Abscessit
672 4372 715 4447 in
744 4380 879 4448 cestra
908 4396 1006 4448 ense
1035 4372 1194 4448 cinctus

482 4475 596 4555 Alite
626 4477 731 4580 (quis
761 4480 921 4555 dubitet
929 4478 960 4580 l)
990 4479 1182 4554 secunda.
