3164 5154
700 245 906 302 SILVARUM

379 448 480 540 Quis
507 449 682 524 mortale
711 472 840 545 genus
869 472 913 523 se
940 447 1092 548 premit
1120 449 1249 523 anxie

376 558 430 631 Et
458 555 610 632 crebris
639 554 777 654 agitur
803 558 926 630 turba
952 553 1172 645 furoribus

431 663 705 739 Nanoiscatur
731 668 778 737 ut
805 688 949 738 aurum

484 768 573 845 Aut
600 794 768 869 campos
797 769 956 845 steriles
985 774 1086 845 aret.

378 912 640 988 Vestimenta
666 910 728 987 tui
757 910 939 1011 corporis
968 911 1094 1004 abice,

379 1018 608 1094 Praeclaris
636 1018 818 1093 animum
849 1017 1013 1093 dotibus
1041 1017 1166 1093 indue

433 1125 618 1218 Virtutis,
648 1125 725 1201 tibi
754 1126 875 1200 cedat

373 1262 375 1266 ⁴
486 1234 545 1311 Ut
572 1257 758 1308 summae
787 1239 889 1331 toga
914 1232 1083 1330 gloriae.

726 1430 885 1438 ——-.——-

738 1567 858 1632 XXII.

320 1729 634 1809 CORRECTIO
663 1730 813 1807 MITIS
841 1729 1050 1808 ASPERA
1077 1729 1298 1808 MELIOR.

382 1891 486 1966 Cum
515 1896 609 1965 tuos
639 1897 814 1991 spectas,
846 1889 1052 1984 Gelasine‚
1081 1916 1231 1984 mores),
1282 1904 1331 1959 sol.
1349 1904 1405 1960 126¹·

381 1998 620 2098 improbam
647 1997 777 2072 vitam
804 1998 1019 2098 petulante
1047 1997 1144 2091 risu,

382 2105 467 2181 Cur
493 2130 622 2204 negas
651 2105 733 2180 fido
762 2104 926 2179 veniam
956 2105 1098 2197 sodali,

488 2212 598 2286 Dum
627 2212 728 2287 levis
758 2214 890 2287 error?

382 2354 548 2430 Crimen
578 2379 736 2451 accusa,
766 2354 955 2454 graviore
982 2379 1085 2429 voce

381 2461 558 2560 Increpa
584 2487 752 2536 noxam:
782 2461 894 2536 facili
923 2460 1143 2536 cadentem

381 2568 529 2643 Rarius
559 2593 746 2643 sermone
774 2569 878 2661 leva,
909 2592 1053 2643 sereno

490 2675 659 2774 Corrige
687 2676 813 2750 vultu.

381 2813 550 2915 Asperis
578 2839 700 2889 nemo
730 2815 905 2890 stimulis
932 2822 1131 2907 movetur,

382 2923 515 2997 Ardet
542 2922 713 2997 immani
741 2922 878 3022 potius
908 2921 1042 2998 furore

383 3029 546 3104 Pronus
575 3028 729 3120 ulcisci,
757 3030 880 3105 modo
909 3035 1072 3130 tempus
1102 3035 1246 3130 aptum

490 3136 623 3211 Detur
652 3144 694 3210 et
721 3137 833 3211 hora.

383 3275 548 3377 Arguas
575 3279 734 3353 nullum
762 3277 854 3353 vitii
881 3278 1081 3367 nocentis

383 3384 509 3459 Labis
539 3384 718 3460 eiusdem
750 3410 843 3460 reus
871 3385 961 3486 ipse
991 3411 1084 3460 oum
1113 3384 1179 3477 sis,

385 3491 495 3567 Urbe
526 3518 620 3566 cum
648 3499 739 3568 tota
768 3491 898 3590 digito
926 3498 1095 3568 notetur

489 3599 668 3675 Lubrica
697 3599 827 3699 culpa.

386 3742 584 3817 Omnibus
613 3742 755 3818 naevis
785 3749 925 3816 careat
951 3765 1124 3815 necesse
1153 3748 1225 3831 est

384 3849 574 3922 Alterum
605 3849 638 3923 si
669 3849 758 3949 quis
788 3847 951 3922 sceleris
979 3846 1144 3946 profani

384 3954 562 4046 Deferat,
591 3955 756 4054 linguae
786 3980 859 4029 sua
887 3980 940 4029 ne
967 3979 1128 4030 veneno

487 4064 593 4138 Fata
621 4064 809 4137 lacessat.

382 4203 453 4279 An
481 4204 571 4303 quis
601 4205 800 4304 ignoscet,
831 4211 904 4278 tua
932 4203 1029 4277 dum
1058 4202 1247 4278 recondis

381 4312 510 4387 Furta
539 4315 615 4387 sub
645 4313 775 4403 tectis,
804 4311 940 4385 aliena
968 4309 1132 4410 prodis?

383 4419 560 4519 Nuptias
592 4420 776 4510 damnas
807 4416 982 4493 Veneris
1011 4420 1234 4516 probrosae

490 4527 645 4601 Aestus
675 4525 837 4600 adurit?

735 4724 893 4732 ———-
