3164 5154
679 854 697 919 Ι

113 1002 184 1078 ΑΙ)
214 999 540 1080 NEARCHUM:
576 1001 887 1080 LAUDANDIS
915 1000 1184 1080 HEROIBUS
1212 1001 1277 1079 SE

484 1125 727 1204 IMPAREM
754 1125 895 1204 ESSE.

208 1287 367 1362 Heroas
397 1286 496 1361 olim
529 1286 673 1362 tollere
701 1286 902 1378 laudibus,
1180 1302 1230 1357 fol.
1252 1303 1308 1358 27*-

210 1392 291 1483 Qui
320 1393 409 1469 dira
436 1399 616 1469 stravere
644 1393 813 1493 agmina
840 1393 1059 1470 Bistonum

261 1501 316 1575 Et
342 1499 526 1576 barbaris
555 1500 730 1600 praedas
759 1503 810 1576 ab
841 1500 922 1575 oris

314 1605 583 1707 Magnanimo
612 1607 788 1682 retulero
814 1607 919 1699 nisu,
1305 1665 1319 1704 ⁴

212 1767 380 1842 Certata
406 1764 503 1841 forti
529 1766 686 1866 proelia
714 1766 893 1858 dextera,

211 1875 341 1952 Urbes
368 1880 569 1973 receptas,
598 1872 763 1973 ignibus
793 1874 944 1974 oppida

262 1980 422 2072 Deleta,
452 1980 598 2056 clades·
619 1987 662 2056 et
687 1979 917 2080 triumphos

316 2087 496 2162 Pulchra
523 2086 707 2162 animum
736 2086 862 2163 subiit
890 2087 1051 2187 cupido

211 2246 270 2321 At
297 2246 404 2322 sicut
431 2246 528 2338 ales,
562 2271 684 2346 quem
714 2245 873 2322 senium
900 2246 1060 2347 premit,

211 2352 364 2428 Pennis
392 2352 529 2428 citatis
557 2352 626 2428 vix
653 2353 760 2453 petit
787 2353 915 2430 ardua

264 2459 352 2534 Aut
379 2459 485 2535 aeris
513 2485 680 2560 campos
709 2467 885 2559 apertos,

317 2567 471 2643 Verum
498 2566 644 2641 humili
671 2566 828 2666 liquida
854 2591 953 2642 arva
983 2592 1101 2666 gyro:

214 2725 282 2802 Sic
309 2727 428 2802 Musa
455 2726 563 2801 celso
594 2725 772 2801 culmine
799 2750 866 2802 me
895 2726 1086 2820 abstinet,

211 2835 272 2909 Ne
300 2831 405 2910 forte
432 2833 550 2934 lapsu
576 2832 794 2933 praecipiti
821 2858 938 2909 ruam

264 2940 318 3014 Et
346 2965 465 3015 crura
491 2938 694 3039 frangam;
723 2940 795 3015 sed
823 2941 1034 3017 modestos

320 3046 580 3124 Carminibus
610 3047 818 3123 celebrare
847 3072 982 3123 mores

214 3205 441 3306 Sacrasque
469 3205 613 3281 taedas
642 3205 779 3282 dicere
807 3207 1021 3308 praecipit,

214 3312 314 3402 Quis
343 3313 483 3388 iuncta
512 3337 660 3412 sponso
691 3312 805 3412 virgo
834 3315 1065 3405 tenerrima,

266 3419 430 3494 Plectro
460 3419 633 3496 minore:
674 3419 899 3496 dulciorem

321 3525 389 3602 Sic
418 3526 600 3602 citharae
630 3527 845 3626 strepitum
874 3527 1065 3603 futurum.

216 3686 367 3761 Parere
395 3686 515 3760 iussis
543 3685 824 3784 Melpomenes
852 3685 978 3779 iuvat,

216 3792 363 3868 Castos
392 3817 551 3868 amores
579 3793 718 3868 ludere
747 3793 920 3884 barbit0,

270 3898 370 3989 Quis
398 3925 552 3975 numen
581 3899 691 3989 arsit,
722 3901 812 3999 quis
842 3900 955 3976 beati

323 4005 429 4081 Sunt
456 4006 582 4081 animi
612 4032 733 4106 super
761 4013 873 4082 astra
900 4008 1017 4107 rapti.

216 4164 420 4265 Concepit
447 4172 562 4241 aetas
590 4164 748 4241 fervida
775 4167 975 4267 sanguine

215 4271 470 4371 Frigensque
499 4271 612 4348 canis
642 4272 821 4348 crinibus
850 4275 925 4348 has
953 4275 1079 4351 faces:

271 4378 362 4453 Hoc
391 4380 485 4478 igne
514 4379 739 4478 flagravero
767 4382 944 4456 blandae

325 4486 428 4562 Cum
457 4486 587 4562 niveis
615 4487 751 4587 pueris
779 4489 955 4588 puellae.
