3164 5154
627 545 667 611 V.

176 761 368 839 TUMOR
396 759 673 839 RELIGIONl
701 760 819 838 NON
848 759 1141 837 CONVENIT.

230 974 364 1063 Quam
383 974 462 1070 lex,
492 974 738 1072 Eurynome,
769 974 871 1047 dura
888 971 1129 1048 necessitas!
1142 987 1192 1043 fol.
1212 990 1281 1045 101¹·

227 1081 266 1155 A
297 1079 448 1180 Sponsi
475 1080 629 1156 totiens
658 1080 850 1155 suavibus
880 1081 1029 1155 osculis

230 1187 410 1285 Seiungi,
439 1187 630 1263 miseram
658 1187 897 1287 pauperiem
925 1188 1012 1287 pati

333 1295 420 1370 Nec
451 1294 554 1370 caeli
583 1294 744 1370 facibus
772 1294 869 1368 frui!
1266 1349 1280 1387 4

228 1455 345 1529 Mens
374 1454 587 1529 desideriis
615 1455 699 1530 icta
726 1455 916 1529 fidelibus

227 1561 475 1661 Amplexum
503 1561 682 1636 lacrimis
712 1568 754 1636 et
780 1562 939 1659 gemitu
966 1560 1082 1660 petit,

227 1668 378 1743 Dilecti
407 1670 598 1744 tenebras
627 1694 818 1769 spernere
848 1668 997 1742 callida

332 1777 386 1850 Et
414 1777 555 1850 mundi
583 1776 739 1875 pariter
766 1778 891 1850 iubar.

227 1937 318 2011 Non
347 1936 479 2011 ambit
506 1936 664 2035 trepide
693 1960 864 2009 munera
891 1935 1060 2035 publica

226 2042 471 2143 Arcanoque
500 2054 663 2142 patrum
693 2043 864 2117 consilio
890 2043 1022 2117 sedet:

227 2152 395 2227 Cretata
422 2175 500 2224 nec
529 2151 638 2224 enim
668 2149 919 2249 conspicitur
945 2155 1046 2247 toga

331 2259 418 2332 Nec
446 2259 543 2332 lana
570 2257 696 2356 Tyria
722 2256 839 2331 nitet.
1252 2310 1277 2349 η

225 2417 333 2492 Huic
362 2416 442 2492 fers
471 2425 513 2492 te
542 2416 741 2491 similem?
772 2414 934 2491 Cuncta
952 2416 1239 2510 sedabnuunt;

224 2525 414 2601 Produnt
440 2523 654 2623 ingenium
684 2523 823 2599 Serica
850 2523 1014 2614 vellera,

226 2633 370 2707 Celsae
401 2630 546 2706 frontis
576 2656 684 2730 apex
712 2639 755 2706 et
782 2631 888 2705 stola
916 2630 1110 2704 candida:

330 2738 440 2813 Hinc
467 2763 596 2813 vanus
624 2746 761 2813 tumor
789 2737 950 2811 emicat.
1251 2788 1276 2827 ,⁶

224 2900 338 2991 Quae
367 2898 491 2974 castis
520 2923 712 2997 superum
740 2898 896 2996 gaudet
922 2896 1140 2987 amoribus

223 3008 349 3082 Fastu
379 3005 646 3104 magnanimo
675 3005 794 3080 reicit
822 3004 972 3094 omnia,

224 3113 339 3202 Quae
367 3113 434 3187 vel
461 3124 571 3187 terra
598 3113 710 3202 colit,
738 3114 860 3187 turba
878 3112 944 3186 vel
973 3110 1180 3186 aestimat:

328 3220 459 3297 Veras
488 3219 652 3294 divitias
680 3227 804 3294 amat.
1249 3269 1275 3307 20

614 3750 672 3817 VI.

390 3965 674 4043 OBSCENUS
703 3963 898 4041 SERMO.

223 4178 361 4256 Utitur
389 4177 510 4252 dictis
539 4177 732 4276 gravibus
760 4176 916 4276 pudori,
1121 4189 1264 4247 f01.101'·

221 4285 358 4360 Verba
386 4291 648 4384 praetextata
680 4284 836 4360 cadmit
867 4283 1073 4382 loquentis

223 4393 301 4467 Ore
331 4418 506 4492 semper:
541 4392 639 4490 quid
673 4393 820 4467 deceat
851 4389 1072 4479 iuventam,

327 4499 467 4575 Nescit
497 4500 617 4574 iolas

1146 4617 1180 4671 15
