3164 5154
703 260 907 317 SILVARUM

324 462 447 537 Liber
475 485 501 535 a
529 460 670 560 eulpis,
702 459 868 560 Superis
896 458 1063 551 amicus,

323 569 425 644 Dira
452 592 679 668 perpessus,
709 567 880 642 meliora
908 592 1088 665 sperans,

324 676 496 775 Asperis
523 677 644 750 rebus
674 674 795 748 simul
823 681 866 749 et
893 674 1083 749 secundis

432 783 511 857 Ore
541 806 719 857 serenus.

323 942 493 1016 Aulieos
521 942 657 1040 plures
687 940 816 1016 avidis
846 941 1020 1015 honores

322 1047 525 1123 Ambiunt
554 1047 671 1138 votis,
702 1047 804 1122 alios
833 1053 1049 1123 eruentum

322 1154 466 1231 Martis
493 1154 537 1227 in
566 1180 757 1253 eampum
785 1155 899 1230 iubet
926 1154 984 1229 ire
1012 1153 1147 1229 laudis

429 1261 548 1335 Vana
577 1260 738 1360 cupido

321 1422 436 1497 Inter
462 1422 538 1496 hos
566 1426 702 1495 motus
732 1418 810 1495 sibi
837 1444 958 1494 nemo
987 1418 1114 1495 vivit:

324 1528 492 1603 Gloriae
521 1527 636 1601 ducit
663 1527 752 1602 sitis
781 1535 854 1601 aut
880 1526 1072 1602 micantis

322 1636 475 1734 Fulgor
502 1634 675 1732 argenti,
704 1633 855 1733 populo
885 1633 1075 1732 placendi

429 1741 517 1816 Aut
543 1740 652 1839 rapit
679 1740 810 1815 ardor.

323 1902 356 1977 Ο
385 1902 480 1999 polo
511 1901 704 2001 splendor
731 1899 864 1975 niteat
890 1899 1103 2000 perennis!

323 2008 462 2083 Pellat
491 2012 684 2084 obscuras
712 2007 884 2082 nebulas
914 2015 956 2082 et
984 2009 1168 2081 umbras!

324 2114 431 2190 Solis
461 2115 618 2190 aeterni
646 2139 805 2189 merear
832 2116 1001 2190 beatum

430 2221 606 2297 Cernere
635 2221 798 2295 lumen!

749 2821 849 2886 XIX.

364 3039 495 3115 lMPll
525 3037 682 3115 REGIS
711 3036 912 3113 FASTUS
941 3035 1010 3112 ET
1037 3035 1228 3114 POENA.

322 3249 504 3339 ‚Providi
534 3249 637 3324 oaeli
664 3248 769 3323 ratio
799 3250 1010 3346 gubernet,
1276 3259 1385 3314 folus

321 3357 415 3434 Ulla
443 3356 562 3431 terris
591 3355 824 3455 praesideat
850 3360 1048 3454 polentae,

321 3463 494 3539 Casibus
523 3463 588 3536 vel
619 3469 767 3536 ounota
794 3462 927 3537 fluant
954 3464 1005 3536 ab
1036 3485 1151 3552 aevo,

423 3570 594 3645 Disoere
623 3569 768 3669 sprevi.

319 3730 411 3803 Iure
439 3729 615 3804 iurando
646 3728 822 3828 Superos
850 3729 1020 3818 lacesse,

320 3837 447 3911 Servo
477 3837 547 3911 sed
576 3836 746 3926 nullum,
777 3835 873 3934 quia
900 3858 1035 3935 poena
1063 3834 1256 3924 nondum,

320 3942 515 4019 Credulos
545 3945 640 4016 (lum
670 3942 843 4041 decipio,
871 3942 1035 4017 tonanti

425 4050 551 4124 Venit
579 4053 630 4125 ab
661 4075 764 4124 aree.

317 4210 496 4284 Militum
525 4210 587 4283 vis
617 4216 659 4283 et
685 4209 846 4283 validae
876 4210 1066 4284 cohortes

317 4316 506 4390 Numinis
534 4317 653 4392 nobis
681 4316 771 4391 vioe
800 4323 910 4409 sunt;
938 4321 1105 4390 tuentur

317 4424 427 4498 Dum
456 4447 581 4497 manu
610 4422 717 4513 forti,
747 4423 930 4522 trepidos
958 4422 1166 4521 repellunt

419 4530 590 4605 Finibus
619 4531 770 4605 hostes
1370 4566 1384 4604 ιι
