3164 5154
635 463 677 532 V.

409 626 638 706 SAECULI
666 627 906 705 IGNAVIA.

185 804 393 895 Quantum
420 811 608 883 vetustae
636 805 748 882 cedit
775 807 950 882 adoreae
1155 805 1278 861 1'01·19‘·

120 946 126 958 ·
182 912 292 989 Laus
319 919 482 989 nostra!
513 920 712 1013 quantum
740 913 936 989 nobilitas
964 913 1094 989 iacet!

237 1020 404 1110 Quanta
432 1026 496 1095 est
523 1019 784 1096 sacerdotum
811 1019 951 1095 ruina!

290 1125 391 1215 Quis
420 1134 546 1226 queat
573 1151 813 1202 enumerare
841 1128 1009 1226 lapsus?

181 1286 235 1361 Et
262 1286 386 1361 corda
413 1312 543 1363 vanus
570 1286 819 1387 praecipitat
845 1291 1009 1362 tumor?

181 1393 336 1468 Efferre
366 1417 455 1469 sese
483 1419 581 1493 prae
608 1394 740 1470 veteri
768 1418 879 1470 nova

236 1499 461 1576 Consuevit
488 1507 603 1576 aetas
632 1507 755 1600 atque
784 1526 953 1576 avorum

288 1605 384 1682 Otia
411 1613 552 1683 nostra
578 1613 771 1707 premmrt
798 1608 988 1683 labores?
1273 1661 1286 1700 ⁸

180 1767 382 1866 Exempla
408 1766 537 1842 virtus
565 1766 701 1867 prisca
730 1773 831 1865 quot
859 1765 1008 1842 edidit!

183 1872 298 1963 Quae
328 1873 447 1973 signa
474 1873 648 1972 magnis,
678 1898 783 1971 quae
810 1879 972 1948 statuae
1000 1872 1097 1948 viris

234 1980 384 2055 Erecta
412 1981 639 2079 quondam!
670 1979 739 2078 qui
767 1979 964 2078 triumphi

287 2087 495 2187 Perpetuo
525 2087 788 2162 celebrantur
815 2093 935 2162 aevo!
1260 2140 1285 2179 n

183 2245 315 2335 Quam
344 2252 511 2321 sanctus
540 2247 660 2322 ardor
687 2247 867 2322 numinis
900 2255 972 2322 aut
998 2248 1124 2324 timor

183 2353 290 2429 Olim
318 2361 547 2452 parentum,
577 2354 685 2452 quod
712 2355 809 2429 fidei
838 2355 989 2428 decus?

236 2459 424 2535 Scintilla
451 2460 521 2535 vix
550 2461 639 2536 orbi
665 2462 867 2536 remansit

286 2568 320 2640 Ε
347 2565 484 2643 valido
512 2566 679 2666 pietatis
707 2567 814 2667 igne.

181 2725 382 2800 Mirantur
409 2751 550 2802 omnes
580 2727 737 2825 effigies
767 2728 915 2802 ducum

180 2832 241 2907 Ex
270 2857 364 2907 aere
391 2831 514 2925 fusas,
542 2858 749 2909 marmora
776 2835 1019 2934 principum,

234 2938 313 3029 Qui
341 2939 432 3015 iura
461 2947 685 3015 sanxenmt
712 2942 881 3017 remotis

287 3045 508 3122 Gentibus:
539 3054 584 3122 at
611 3047 730 3147 piget
757 3047 965 3123 aemulari.
1258 3102 1285 3140 20

181 3205 280 3296 Quis
309 3207 461 3306 dignus
489 3208 608 3283 heres
632 3233 754 3284 aurea
783 3208 993 3307 imagine?

180 3311 312 3401 Quem
340 3320 460 3390 tanta
487 3315 663 3390 adornat
689 3314 823 3414 gloria
849 3315 916 3390 vel
943 3315 1072 3407 iubar,

231 3418 343 3494 Arcu
371 3428 418 3497 ut
444 3420 682 3521 triumphali
711 3429 784 3497 aut
811 3446 964 3499 corona

285 3527 528 3603 Innumeros
555 3527 687 3604 niteat
714 3555 787 3628 per
815 3553 956 3604 annos.

177 3686 351 3785 Emopa,
378 3687 540 3786 magnis
568 3688 775 3764 mentibus
804 3688 945 3779 otium,

179 3791 223 3867 Si
251 3818 348 3867 vera
377 3818 562 3892 quaeras,
593 3794 725 3870 obfuit
753 3801 795 3870 et
826 3795 981 3871 Venus:

232 3899 398 3975 Dilecta
424 3906 591 3999 myrtus
620 3908 758 4000 spreta
785 3902 923 3976 laurus

284 4008 337 4082 Et
366 4006 542 4106 Cypriae
569 4008 761 4108 placuere
789 4009 949 4083 taedae.

175 4166 351 4265 Ignosce
380 4165 517 4241 dictis:
548 4192 719 4267 corpora
745 4168 910 4267 proeliis

175 4274 336 4348 Durata
363 4275 570 4373 quondam
598 4276 664 4350 vel
693 4276 798 4374 pede
827 4275 989 4350 concito

228 4381 401 4455 Pulsata
428 4381 549 4456 tellus
577 4382 644 4456 vel
672 4380 825 4482 lupatis

281 4487 355 4562 Est
383 4487 503 4586 agilis
529 4489 692 4588 sonipes
719 4496 914 4580 retentus,
