3164 5154
697 185 910 242 CARMINUM

316 385 422 484 Ipsis
451 409 612 485 quoque
642 391 774 460 atram
806 410 904 461 nam
938 387 1089 462 metuis
1115 412 1278 480 necem,

318 491 421 567 Cum
448 492 563 566 nulla
589 492 730 566 nutrix
757 491 924 591 ingenio
954 498 1026 568 tuo

370 600 576 698 Umquam
604 602 801 699 probetur
827 624 905 673 neo
933 599 1094 675 decoris

421 705 604 781 Moribus
634 705 790 780 eniteat
818 705 1001 781 iuvenoa.

317 865 490 940 Annosa
516 890 593 940 neo
622 865 677 940 sit
703 864 856 939 viribus
884 865 1066 963 integris.

316 972 491 1070 Depone
520 972 686 1046 inanem
716 971 1046 1063 sollicitudinem,

371 1079 439 1153 Nil
467 1076 697 1178 profuturas
726 1077 846 1153 mitte
875 1104 992 1153 ouras

423 1186 477 1260 Et
503 1184 674 1260 nimiam
702 1185 915 1261 moderare
943 1185 1164 1262 flammam.

1387 1291 1407 1332 13

319 1346 548 1436 Quaeratur
575 1370 690 1436 uxor,
728 1344 925 1435 Candide,
962 1370 1066 1444 quae
1096 1355 1187 1421 toro

319 1452 384 1527 Sit
412 1451 539 1550 digna
568 1452 692 1542 olaro,
723 1476 829 1549 quae
856 1478 1005 1552 pueros
1034 1453 1120 1529 alat

372 1559 508 1634 Instar
535 1557 728 1658 parentio,
759 1583 864 1655 quae
893 1584 1036 1634 severo

423 1666 477 1740 Et
503 1665 624 1740 niveo
655 1665 836 1740 emineat
863 1666 1028 1764 pudore.

1391 1771 1410 1810 rt

317 1823 485 1899 Amissa
521 1825 575 1900 ad
609 1824 794 1899 Heblum
829 1825 1004 1924 coniuge
1041 1826 1136 1902 dum
1166 1827 1280 1904 dolet

318 1932 371 2006 Et
399 1932 534 2029 plorat
562 1931 749 2029 Orpheus
778 1930 981 2006 flebilibus
1011 1934 1157 2026 modis,

373 2036 472 2126 Quis
500 2038 594 2112 finis
622 2038 710 2137 ipsi,
739 2063 842 2136 quae
871 2041 1085 2138 voluptas?

424 2145 620 2219 Femineo
650 2144 806 2220 interiit
832 2144 978 2220 furore.

1392 2251 1415 2292 20

320 2303 428 2392 Quid
457 2303 553 2378 flore
581 2305 772 2404 prodest?
806 2306 868 2379 Ex
897 2305 1024 2381 oeulis
1053 2306 1137 2381 cies

318 2412 494 2486 Fontem
522 2436 753 2510 perennem.
782 2412 972 2486 Fulmina
1001 2413 1196 2512 «luppiter

374 2517 477 2593 Cum
504 2519 635 2593 mittit
663 2527 788 2617 atque
817 2519 978 2610 imbres
1010 2520 1163 2595 serenis

425 2624 577 2699 Nubila
606 2625 676 2700 Sol
704 2626 830 2700 radiis
858 2625 1038 2701 resolvit.

318 2783 427 2858 Aroe
457 2785 677 2859 tumultum
705 2785 883 2885 peetoris
913 2786 1042 2879 anxii3

320 2892 542 2967 Committe
572 2891 685 2982 divis,
714 2893 912 2991 quidquid
941 2893 1035 2982 erit;
1065 2893 1182 2968 labor

373 2998 441 3073 Sio
472 2998 632 3073 desinet
661 2999 851 3097 dirusque
880 3024 1040 3074 maeror

425 3106 478 3179 Et
506 3105 669 3204 plaoido
698 3108 856 3204 potiere
887 3132 1041 3181 somno,

721 3444 879 3451 ...—

735 3742 867 3807 xum.

518 3958 687 4036 VIRGO
717 3958 825 4036 1)Εο
855 3957 1071 4036 DlCATA.

319 4153 412 4227 Non
440 4178 569 4252 genas
597 4179 716 4229 rosae
746 4162 819 4229 aut
847 4155 963 4228 nives
1289 4170 1343 4226 fol.
1361 4171 1413 4227 atv-

422 4260 537 4336 Meas
566 4261 771 4336 adornant
799 4269 872 4336 aut
901 4266 1002 4337 ebur
1027 4262 1190 4336 renidet

320 4365 494 4441 Gratum
524 4369 576 4442 ab
606 4392 675 4443 ore
705 4368 902 4443 dentium.

423 4473 521 4549 Rari
549 4475 756 4574 refulgent
785 4476 965 4550 crinibus
993 4476 1166 4551 nitores:
1412 4531 1425 4569 r
