<?xml version="1.0" encoding="UTF-8"?>
<!DOCTYPE html PUBLIC "-//W3C//DTD XHTML 1.0 Transitional//EN"
    "http://www.w3.org/TR/xhtml1/DTD/xhtml1-transitional.dtd">
<html xmlns="http://www.w3.org/1999/xhtml" xml:lang="en" lang="en">
 <head>
  <title>
</title>
<meta http-equiv="Content-Type" content="text/html;charset=utf-8" />
  <meta name='ocr-system' content='tesseract 3.04.00' />
  <meta name='ocr-capabilities' content='ocr_page ocr_carea ocr_par ocr_line ocrx_word'/>
</head>
<body>
  <div class='ocr_page' id='page_1' title='image "./psimonrettenbac00lehngoog/psimonrettenbac00lehngoog_0442.png"; bbox 0 0 3164 5154; ppageno 0'>
   <div class='ocr_carea' id='block_1_1' title="bbox 520 244 800 301">
    <p class='ocr_par' dir='ltr' id='par_1_1' title="bbox 520 244 800 301">
     <span class='ocr_line' id='line_1_1' title="bbox 520 244 800 301; baseline 0 -2"><span class='ocrx_word' id='word_1_1' title='bbox 520 245 593 299; x_wconf 88' lang='lat' dir='ltr'>LIB.</span> <span class='ocrx_word' id='word_1_2' title='bbox 613 244 666 299; x_wconf 92' lang='lat' dir='ltr'>IX.</span> <span class='ocrx_word' id='word_1_3' title='bbox 685 245 800 301; x_wconf 82' lang='lat'><strong>23-24.</strong></span> 
     </span>
    </p>
   </div>
   <div class='ocr_carea' id='block_1_2' title="bbox 590 547 723 615">
    <p class='ocr_par' dir='ltr' id='par_1_2' title="bbox 590 547 723 615">
     <span class='ocr_line' id='line_1_2' title="bbox 590 547 723 615; baseline 0.015 -3"><span class='ocrx_word' id='word_1_4' title='bbox 590 547 723 615; x_wconf 86' lang='lat' dir='ltr'><strong>XXIV.</strong></span> 
     </span>
    </p>
   </div>
   <div class='ocr_carea' id='block_1_3' title="bbox 323 778 1001 858">
    <p class='ocr_par' dir='ltr' id='par_1_3' title="bbox 323 778 1001 858">
     <span class='ocr_line' id='line_1_3' title="bbox 323 778 1001 858; baseline 0.001 -3"><span class='ocrx_word' id='word_1_5' title='bbox 323 779 518 858; x_wconf 92' lang='lat' dir='ltr'>HONOR</span> <span class='ocrx_word' id='word_1_6' title='bbox 547 778 787 856; x_wconf 86' lang='lat' dir='ltr'>EXCITAT</span> <span class='ocrx_word' id='word_1_7' title='bbox 814 780 1001 858; x_wconf 85' lang='lat' dir='ltr'><strong>ARTES.</strong></span> 
     </span>
    </p>
   </div>
   <div class='ocr_carea' id='block_1_4' title="bbox 179 992 1276 1388">
    <p class='ocr_par' dir='ltr' id='par_1_4' title="bbox 179 992 1276 1306">
     <span class='ocr_line' id='line_1_4' title="bbox 179 992 1276 1090; baseline -0.003 -23"><span class='ocrx_word' id='word_1_8' title='bbox 179 993 333 1079; x_wconf 82' lang='lat' dir='ltr'>Prisce,</span> <span class='ocrx_word' id='word_1_9' title='bbox 365 992 530 1067; x_wconf 88' lang='lat' dir='ltr'>sublimi</span> <span class='ocrx_word' id='word_1_10' title='bbox 558 994 680 1089; x_wconf 87' lang='lat' dir='ltr'>genio</span> <span class='ocrx_word' id='word_1_11' title='bbox 711 992 808 1090; x_wconf 91' lang='lat' dir='ltr'>quid</span> <span class='ocrx_word' id='word_1_12' title='bbox 836 993 992 1068; x_wconf 76' lang='lat' dir='ltr'>audes?</span> <span class='ocrx_word' id='word_1_13' title='bbox 1136 1007 1186 1062; x_wconf 83' lang='lat' dir='ltr'>fol.</span> <span class='ocrx_word' id='word_1_14' title='bbox 1206 1008 1276 1064; x_wconf 53' lang='lat'>162*</span> 
     </span>
     <span class='ocr_line' id='line_1_5' title="bbox 179 1099 1011 1192; baseline -0.001 -17"><span class='ocrx_word' id='word_1_15' title='bbox 179 1100 262 1176; x_wconf 84' lang='lat' dir='ltr'>Cur</span> <span class='ocrx_word' id='word_1_16' title='bbox 290 1100 398 1183; x_wconf 85' lang='lat' dir='ltr'>siles,</span> <span class='ocrx_word' id='word_1_17' title='bbox 427 1099 567 1174; x_wconf 87' lang='lat' dir='ltr'>multis</span> <span class='ocrx_word' id='word_1_18' title='bbox 596 1100 746 1174; x_wconf 77' lang='lat' dir='ltr'>recitas</span> <span class='ocrx_word' id='word_1_19' title='bbox 774 1125 850 1174; x_wconf 90' lang='lat' dir='ltr'>neo</span> <span class='ocrx_word' id='word_1_20' title='bbox 880 1099 1011 1192; x_wconf 75' lang='lat' dir='ltr'>annia,</span> 
     </span>
     <span class='ocr_line' id='line_1_6' title="bbox 179 1205 1007 1306; baseline 0.001 -25"><span class='ocrx_word' id='word_1_21' title='bbox 179 1205 366 1281; x_wconf 85' lang='lat' dir='ltr'>Sacculis</span> <span class='ocrx_word' id='word_1_22' title='bbox 395 1207 460 1281; x_wconf 93' lang='lat' dir='ltr'>vel</span> <span class='ocrx_word' id='word_1_23' title='bbox 490 1231 595 1306; x_wconf 86' lang='lat' dir='ltr'>quae</span> <span class='ocrx_word' id='word_1_24' title='bbox 624 1207 820 1305; x_wconf 73' lang='lat' dir='ltr'>placeant</span> <span class='ocrx_word' id='word_1_25' title='bbox 847 1205 1007 1299; x_wconf 84' lang='lat' dir='ltr'>futuris,</span> 
     </span>
    </p>

    <p class='ocr_par' dir='ltr' id='par_1_5' title="bbox 287 1311 678 1388">
     <span class='ocr_line' id='line_1_7' title="bbox 287 1311 678 1388; baseline -0.005 0"><span class='ocrx_word' id='word_1_26' title='bbox 287 1311 482 1388; x_wconf 82' lang='lat' dir='ltr'>Carmina</span> <span class='ocrx_word' id='word_1_27' title='bbox 511 1313 678 1388; x_wconf 78' lang='lat' dir='ltr'>scribis?</span> 
     </span>
    </p>
   </div>
   <div class='ocr_carea' id='block_1_5' title="bbox 178 1507 982 1903">
    <p class='ocr_par' dir='ltr' id='par_1_6' title="bbox 178 1507 982 1600">
     <span class='ocr_line' id='line_1_8' title="bbox 178 1507 982 1600; baseline 0.001 -18"><span class='ocrx_word' id='word_1_28' title='bbox 178 1508 361 1583; x_wconf 84' lang='lat' dir='ltr'>Palladis</span> <span class='ocrx_word' id='word_1_29' title='bbox 391 1534 485 1583; x_wconf 92' lang='lat' dir='ltr'>cum</span> <span class='ocrx_word' id='word_1_30' title='bbox 515 1508 569 1583; x_wconf 87' lang='lat' dir='ltr'>sis</span> <span class='ocrx_word' id='word_1_31' title='bbox 598 1507 773 1600; x_wconf 69' lang='lat' dir='ltr'>suboles</span> <span class='ocrx_word' id='word_1_32' title='bbox 804 1508 982 1583; x_wconf 86' lang='lat' dir='ltr'>amantis</span> 
     </span>
    </p>

    <p class='ocr_par' dir='ltr' id='par_1_7' title="bbox 178 1614 930 1714">
     <span class='ocr_line' id='line_1_9' title="bbox 178 1614 930 1714; baseline 0.001 -26"><span class='ocrx_word' id='word_1_33' title='bbox 178 1615 305 1690; x_wconf 86' lang='lat' dir='ltr'>Filius</span> <span class='ocrx_word' id='word_1_34' title='bbox 334 1615 506 1706; x_wconf 85' lang='lat' dir='ltr'>Phoebi,</span> <span class='ocrx_word' id='word_1_35' title='bbox 537 1614 708 1713; x_wconf 84' lang='lat' dir='ltr'>sophiae</span> <span class='ocrx_word' id='word_1_36' title='bbox 735 1639 930 1714; x_wconf 86' lang='lat' dir='ltr'>propage,</span> 
     </span>
    </p>

    <p class='ocr_par' dir='ltr' id='par_1_8' title="bbox 178 1721 957 1903">
     <span class='ocr_line' id='line_1_10' title="bbox 178 1721 957 1819; baseline 0 -25"><span class='ocrx_word' id='word_1_37' title='bbox 178 1723 271 1796; x_wconf 79' lang='lat' dir='ltr'>Non</span> <span class='ocrx_word' id='word_1_38' title='bbox 299 1728 416 1796; x_wconf 90' lang='lat' dir='ltr'>tuum</span> <span class='ocrx_word' id='word_1_39' title='bbox 446 1723 581 1796; x_wconf 89' lang='lat' dir='ltr'>celare</span> <span class='ocrx_word' id='word_1_40' title='bbox 611 1721 733 1795; x_wconf 90' lang='lat' dir='ltr'>decet</span> <span class='ocrx_word' id='word_1_41' title='bbox 760 1721 957 1819; x_wconf 86' lang='lat' dir='ltr'>vigorem,</span> 
     </span>
     <span class='ocr_line' id='line_1_11' title="bbox 285 1826 602 1903; baseline 0 -1"><span class='ocrx_word' id='word_1_42' title='bbox 285 1826 451 1902; x_wconf 86' lang='lat' dir='ltr'>Abdere</span> <span class='ocrx_word' id='word_1_43' title='bbox 480 1828 602 1903; x_wconf 77' lang='lat' dir='ltr'>silvis,</span> 
     </span>
    </p>
   </div>
   <div class='ocr_carea' id='block_1_6' title="bbox 179 2022 1194 2418">
    <p class='ocr_par' dir='ltr' id='par_1_9' title="bbox 180 2022 1013 2122">
     <span class='ocr_line' id='line_1_12' title="bbox 180 2022 1013 2122; baseline 0.002 -26"><span class='ocrx_word' id='word_1_44' title='bbox 180 2022 351 2098; x_wconf 87' lang='lat' dir='ltr'>Plaudit</span> <span class='ocrx_word' id='word_1_45' title='bbox 377 2023 421 2096; x_wconf 92' lang='lat' dir='ltr'>in</span> <span class='ocrx_word' id='word_1_46' title='bbox 449 2048 601 2122; x_wconf 84' lang='lat' dir='ltr'>magno</span> <span class='ocrx_word' id='word_1_47' title='bbox 631 2023 808 2122; x_wconf 89' lang='lat' dir='ltr'>populus</span> <span class='ocrx_word' id='word_1_48' title='bbox 838 2023 1013 2114; x_wconf 83' lang='lat' dir='ltr'>theatm,</span> 
     </span>
    </p>

    <p class='ocr_par' dir='ltr' id='par_1_10' title="bbox 179 2129 1012 2229">
     <span class='ocr_line' id='line_1_13' title="bbox 179 2129 1012 2229; baseline -0.002 -25"><span class='ocrx_word' id='word_1_49' title='bbox 179 2129 391 2204; x_wconf 87' lang='lat' dir='ltr'>Laudibus</span> <span class='ocrx_word' id='word_1_50' title='bbox 422 2130 583 2205; x_wconf 88' lang='lat' dir='ltr'>dulcem</span> <span class='ocrx_word' id='word_1_51' title='bbox 612 2130 796 2205; x_wconf 73' lang='lat' dir='ltr'>celebrat</span> <span class='ocrx_word' id='word_1_52' title='bbox 822 2135 1012 2229; x_wconf 86' lang='lat' dir='ltr'>poetam:</span> 
     </span>
    </p>

    <p class='ocr_par' dir='ltr' id='par_1_11' title="bbox 183 2235 1194 2418">
     <span class='ocr_line' id='line_1_14' title="bbox 183 2235 1194 2335; baseline 0.001 -25"><span class='ocrx_word' id='word_1_53' title='bbox 183 2235 404 2311; x_wconf 83' lang='lat' dir='ltr'>Consulem</span> <span class='ocrx_word' id='word_1_54' title='bbox 433 2262 517 2311; x_wconf 92' lang='lat' dir='ltr'>non</span> <span class='ocrx_word' id='word_1_55' title='bbox 546 2237 604 2311; x_wconf 87' lang='lat' dir='ltr'>sic</span> <span class='ocrx_word' id='word_1_56' title='bbox 634 2236 819 2335; x_wconf 89' lang='lat' dir='ltr'>equitum</span> <span class='ocrx_word' id='word_1_57' title='bbox 848 2243 921 2310; x_wconf 87' lang='lat' dir='ltr'>aut</span> <span class='ocrx_word' id='word_1_58' title='bbox 948 2235 1194 2335; x_wconf 84' lang='lat' dir='ltr'>magistrum</span> 
     </span>
     <span class='ocr_line' id='line_1_15' title="bbox 284 2344 614 2418; baseline 0.003 -1"><span class='ocrx_word' id='word_1_59' title='bbox 284 2344 422 2418; x_wconf 86' lang='lat' dir='ltr'>Turba</span> <span class='ocrx_word' id='word_1_60' title='bbox 451 2344 614 2418; x_wconf 87' lang='lat' dir='ltr'>salutat.</span> 
     </span>
    </p>
   </div>
   <div class='ocr_carea' id='block_1_7' title="bbox 177 2537 1050 2934">
    <p class='ocr_par' dir='ltr' id='par_1_12' title="bbox 177 2537 1050 2637">
     <span class='ocr_line' id='line_1_16' title="bbox 177 2537 1050 2637; baseline -0.002 -24"><span class='ocrx_word' id='word_1_61' title='bbox 177 2539 412 2614; x_wconf 88' lang='lat' dir='ltr'>Praemium</span> <span class='ocrx_word' id='word_1_62' title='bbox 442 2538 526 2613; x_wconf 90' lang='lat' dir='ltr'>vati</span> <span class='ocrx_word' id='word_1_63' title='bbox 555 2539 764 2637; x_wconf 85' lang='lat' dir='ltr'>exiguum:</span> <span class='ocrx_word' id='word_1_64' title='bbox 794 2537 1050 2635; x_wconf 82' lang='lat' dir='ltr'>frequentem</span> 
     </span>
    </p>

    <p class='ocr_par' dir='ltr' id='par_1_13' title="bbox 178 2644 955 2743">
     <span class='ocr_line' id='line_1_17' title="bbox 178 2644 955 2743; baseline -0.001 -23"><span class='ocrx_word' id='word_1_65' title='bbox 178 2646 268 2735; x_wconf 80' lang='lat' dir='ltr'>Quo</span> <span class='ocrx_word' id='word_1_66' title='bbox 299 2645 409 2720; x_wconf 87' lang='lat' dir='ltr'>sitim</span> <span class='ocrx_word' id='word_1_67' title='bbox 439 2646 565 2734; x_wconf 88' lang='lat' dir='ltr'>sedet,</span> <span class='ocrx_word' id='word_1_68' title='bbox 596 2644 703 2743; x_wconf 86' lang='lat' dir='ltr'>riget</span> <span class='ocrx_word' id='word_1_69' title='bbox 732 2669 803 2719; x_wconf 88' lang='lat' dir='ltr'>ora</span> <span class='ocrx_word' id='word_1_70' title='bbox 830 2669 955 2719; x_wconf 90' lang='lat' dir='ltr'>rauca</span> 
     </span>
    </p>

    <p class='ocr_par' dir='ltr' id='par_1_14' title="bbox 177 2751 1044 2934">
     <span class='ocr_line' id='line_1_18' title="bbox 177 2751 1044 2851; baseline -0.001 -25"><span class='ocrx_word' id='word_1_71' title='bbox 177 2753 254 2827; x_wconf 87' lang='lat' dir='ltr'>Vel</span> <span class='ocrx_word' id='word_1_72' title='bbox 282 2751 436 2827; x_wconf 86' lang='lat' dir='ltr'>famem</span> <span class='ocrx_word' id='word_1_73' title='bbox 464 2753 593 2851; x_wconf 90' lang='lat' dir='ltr'>pellat</span> <span class='ocrx_word' id='word_1_74' title='bbox 620 2753 686 2827; x_wconf 90' lang='lat' dir='ltr'>vel</span> <span class='ocrx_word' id='word_1_75' title='bbox 716 2758 829 2826; x_wconf 89' lang='lat' dir='ltr'>emat</span> <span class='ocrx_word' id='word_1_76' title='bbox 854 2751 1044 2849; x_wconf 86' lang='lat' dir='ltr'>tegendis</span> 
     </span>
     <span class='ocr_line' id='line_1_19' title="bbox 286 2858 655 2934; baseline 0 -1"><span class='ocrx_word' id='word_1_77' title='bbox 286 2859 421 2934; x_wconf 87' lang='lat' dir='ltr'>Pallia</span> <span class='ocrx_word' id='word_1_78' title='bbox 448 2858 655 2933; x_wconf 89' lang='lat' dir='ltr'>membris.</span> 
     </span>
    </p>
   </div>
   <div class='ocr_carea' id='block_1_8' title="bbox 177 3053 1108 3449">
    <p class='ocr_par' dir='ltr' id='par_1_15' title="bbox 179 3053 1108 3154">
     <span class='ocr_line' id='line_1_20' title="bbox 179 3053 1108 3154; baseline 0 -26"><span class='ocrx_word' id='word_1_79' title='bbox 179 3053 280 3145; x_wconf 86' lang='lat' dir='ltr'>Quis</span> <span class='ocrx_word' id='word_1_80' title='bbox 310 3055 422 3131; x_wconf 89' lang='lat' dir='ltr'>colat</span> <span class='ocrx_word' id='word_1_81' title='bbox 449 3061 536 3130; x_wconf 85' lang='lat' dir='ltr'>tarn</span> <span class='ocrx_word' id='word_1_82' title='bbox 565 3079 692 3154; x_wconf 88' lang='lat' dir='ltr'>parvo</span> <span class='ocrx_word' id='word_1_83' title='bbox 722 3053 926 3128; x_wconf 89' lang='lat' dir='ltr'>Helicona</span> <span class='ocrx_word' id='word_1_84' title='bbox 955 3056 1108 3128; x_wconf 81' lang='lat' dir='ltr'>censu?</span> 
     </span>
    </p>

    <p class='ocr_par' dir='ltr' id='par_1_16' title="bbox 178 3161 885 3261">
     <span class='ocr_line' id='line_1_21' title="bbox 178 3161 885 3261; baseline -0.004 -24"><span class='ocrx_word' id='word_1_85' title='bbox 178 3161 399 3237; x_wconf 82' lang='lat' dir='ltr'>Credulum</span> <span class='ocrx_word' id='word_1_86' title='bbox 427 3162 551 3261; x_wconf 87' lang='lat' dir='ltr'>palpo</span> <span class='ocrx_word' id='word_1_87' title='bbox 580 3161 717 3260; x_wconf 89' lang='lat' dir='ltr'>potius</span> <span class='ocrx_word' id='word_1_88' title='bbox 746 3161 885 3236; x_wconf 90' lang='lat' dir='ltr'>iocoso</span> 
     </span>
    </p>

    <p class='ocr_par' dir='ltr' id='par_1_17' title="bbox 177 3267 953 3449">
     <span class='ocr_line' id='line_1_22' title="bbox 177 3267 953 3366; baseline -0.001 -24"><span class='ocrx_word' id='word_1_89' title='bbox 177 3268 414 3366; x_wconf 90' lang='lat' dir='ltr'>Principem</span> <span class='ocrx_word' id='word_1_90' title='bbox 441 3274 577 3343; x_wconf 90' lang='lat' dir='ltr'>tentet</span> <span class='ocrx_word' id='word_1_91' title='bbox 605 3267 748 3342; x_wconf 89' lang='lat' dir='ltr'>solitus</span> <span class='ocrx_word' id='word_1_92' title='bbox 776 3275 953 3366; x_wconf 87' lang='lat' dir='ltr'>tyranno</span> 
     </span>
     <span class='ocr_line' id='line_1_23' title="bbox 284 3374 623 3449; baseline -0.003 -1"><span class='ocrx_word' id='word_1_93' title='bbox 284 3375 433 3449; x_wconf 89' lang='lat' dir='ltr'>Dicere</span> <span class='ocrx_word' id='word_1_94' title='bbox 463 3374 623 3449; x_wconf 89' lang='lat' dir='ltr'>falsum.</span> 
     </span>
    </p>
   </div>
   <div class='ocr_carea' id='block_1_9' title="bbox 176 3568 1054 3989">
    <p class='ocr_par' dir='ltr' id='par_1_18' title="bbox 177 3568 937 3667">
     <span class='ocr_line' id='line_1_24' title="bbox 177 3568 937 3667; baseline -0.003 -23"><span class='ocrx_word' id='word_1_95' title='bbox 177 3568 348 3645; x_wconf 85' lang='lat' dir='ltr'>Artibus</span> <span class='ocrx_word' id='word_1_96' title='bbox 376 3570 534 3644; x_wconf 90' lang='lat' dir='ltr'>nullum</span> <span class='ocrx_word' id='word_1_97' title='bbox 562 3569 756 3667; x_wconf 89' lang='lat' dir='ltr'>pretium;</span> <span class='ocrx_word' id='word_1_98' title='bbox 784 3568 937 3644; x_wconf 80' lang='lat' dir='ltr'>favoris</span> 
     </span>
    </p>

    <p class='ocr_par' dir='ltr' id='par_1_19' title="bbox 176 3676 1054 3763">
     <span class='ocr_line' id='line_1_25' title="bbox 176 3676 1054 3763; baseline -0.005 -11"><span class='ocrx_word' id='word_1_99' title='bbox 176 3676 292 3752; x_wconf 86' lang='lat' dir='ltr'>Aura</span> <span class='ocrx_word' id='word_1_100' title='bbox 319 3676 389 3749; x_wconf 84' lang='lat' dir='ltr'>vix</span> <span class='ocrx_word' id='word_1_101' title='bbox 416 3682 546 3763; x_wconf 88' lang='lat' dir='ltr'>tanta,</span> <span class='ocrx_word' id='word_1_102' title='bbox 576 3681 623 3749; x_wconf 93' lang='lat' dir='ltr'>ut</span> <span class='ocrx_word' id='word_1_103' title='bbox 650 3680 887 3750; x_wconf 91' lang='lat' dir='ltr'>mereantur</span> <span class='ocrx_word' id='word_1_104' title='bbox 915 3698 1054 3749; x_wconf 88' lang='lat' dir='ltr'>aurem</span> 
     </span>
    </p>

    <p class='ocr_par' dir='ltr' id='par_1_20' title="bbox 176 3781 966 3989">
     <span class='ocr_line' id='line_1_26' title="bbox 176 3781 966 3882; baseline -0.005 -24"><span class='ocrx_word' id='word_1_105' title='bbox 176 3784 303 3882; x_wconf 84' lang='lat' dir='ltr'>Regis</span> <span class='ocrx_word' id='word_1_106' title='bbox 333 3785 501 3858; x_wconf 92' lang='lat' dir='ltr'>attenti:</span> <span class='ocrx_word' id='word_1_107' title='bbox 530 3783 678 3858; x_wconf 85' lang='lat' dir='ltr'>artifici</span> <span class='ocrx_word' id='word_1_108' title='bbox 707 3783 838 3882; x_wconf 87' lang='lat' dir='ltr'>perito</span> <span class='ocrx_word' id='word_1_109' title='bbox 868 3781 966 3855; x_wconf 91' lang='lat' dir='ltr'>hinc</span> 
     </span>
     <span class='ocr_line' id='line_1_27' title="bbox 285 3889 635 3989; baseline -0.009 -24"><span class='ocrx_word' id='word_1_110' title='bbox 285 3889 412 3965; x_wconf 81' lang='lat' dir='ltr'>Curta</span> <span class='ocrx_word' id='word_1_111' title='bbox 439 3890 635 3989; x_wconf 87' lang='lat' dir='ltr'>supellex.</span> 
     </span>
    </p>
   </div>
   <div class='ocr_carea' id='block_1_10' title="bbox 0 0 1586 5154">
    <p class='ocr_par' dir='ltr' id='par_1_21' title="bbox 0 0 1586 5154">
     <span class='ocr_line' id='line_1_28' title="bbox 0 0 1586 5154; baseline 0 1"><span class='ocrx_word' id='word_1_112' title='bbox 0 0 1586 5154; x_wconf 95' lang='lat' dir='ltr'> </span> 
     </span>
    </p>
   </div>
  </div>
 </body>
</html>
