3164 5154
738 673 764 743 Ι.

113 836 401 917 VOLUNTAS
420 835 655 915 HUMANA
669 833 742 912 AD
758 835 992 913 DIVINAM
1007 832 1390 913 CONFORMATA.

275 1014 395 1104 Quod
415 1013 503 1091 fata
522 1013 692 1105 dictant,
723 1020 834 1090 astra
854 1014 965 1113 quod
988 1013 1203 1113 imperant,
1244 1007 1295 1065 fol.
1315 1009 1366 1065 ¹⁷¹·

275 1120 394 1211 Quod
422 1121 515 1219 lege
544 1126 708 1197 constat
733 1121 861 1195 fixum
889 1119 1168 1211 adamantina,

325 1228 486 1303 Mutare
514 1228 631 1303 nolo:
660 1251 793 1327 prona
821 1226 928 1302 caeli

378 1334 569 1412 Pendeat
597 1333 765 1409 arbitrio
795 1335 997 1409 voluntaa

273 1475 354 1551 Seu
384 1475 455 1551 Sol
483 1499 626 1551 sereno
656 1475 816 1574 fulgeat
843 1475 1011 1551 aethere

272 1582 367 1657 Sive
397 1607 469 1659 ora
495 1582 625 1680 nigris
652 1582 830 1658 nubibus
860 1583 1024 1658 occulat

324 1689 412 1765 Aut
439 1688 570 1764 imbre
600 1689 815 1765 delabatur
842 1697 932 1765 atro

378 1796 563 1896 Iuppiter
591 1802 664 1872 aut
690 1802 810 1872 tonet
837 1804 1073 1871 aestuosus:

273 1936 354 2012 Seu
382 1937 505 2014 foeda
532 1941 660 2014 barba
689 1937 805 2014 stiria
833 1938 987 2014 defluat

273 2045 354 2120 Seu
382 2053 506 2121 vexet
534 2053 645 2121 antus
673 2045 918 2121 immodicus
947 2044 1078 2120 calor:

324 2152 392 2226 Me
420 2152 534 2227 nulla
561 2157 786 2251 tempestas
814 2152 998 2228 movebit

377 2258 572 2349 Tramite,
603 2284 682 2359 quo
711 2259 826 2333 volet
852 2259 911 2333 ire
940 2283 1104 2333 numen.

274 2400 436 2476 Senam
463 2401 619 2500 peritus
649 2400 763 2477 ducit
790 2407 836 2476 ut
863 2400 1013 2477 artifex

280 2506 549 2608 Quocumque
572 2509 702 2592 ¹docta
729 2507 957 2583 collibitum
986 2513 1049 2582 est
1074 2530 1218 2582 manu:

326 2616 383 2693 Ut
409 2618 558 2713 cymba
584 2614 726 2706 fertur,
755 2615 849 2690 vela
877 2615 974 2688 dum
1001 2613 1147 2714 implet

378 2721 495 2797 Aura
522 2721 713 2813 secunda,
743 2721 913 2797 volante
941 2747 1082 2796 cursu:
1355 2743 1381 2782 ιε

273 2862 341 2938 Sic
371 2864 425 2938 sit
451 2871 640 2963 paratum
669 2868 814 2964 pectus
838 2864 891 2939 ad
921 2864 1071 2953 omnia,

272 2970 437 3046 Devota
464 2971 523 3046 sic
551 2996 678 3062 mene,
709 2970 768 3045 sio
799 2971 960 3045 animus
988 2995 1125 3064 meus;

324 3077 507 3152 Decreta
535 3077 674 3151 divum
704 3078 955 3176 sempiterna

378 3184 471 3258 Non
498 3183 671 3283 trepide,
704 3191 747 3259 at
775 3183 921 3282 cupide
952 3190 1157 3283 sequatur.

271 3324 378 3399 Aevi
407 3324 565 3423 fugacis
593 3330 781 3423 tempora
810 3331 852 3400 et
879 3323 1020 3423 ingeni

273 3429 480 3507 Submitto
510 3455 627 3506 curas
656 3430 829 3530 imperio
859 3431 937 3521 dei,

326 3538 512 3613 Adversa
540 3564 613 3613 seu
640 3562 707 3612 me
737 3563 823 3612 sors
851 3539 1041 3630 lacessat,

380 3646 583 3744 Prospera
612 3643 697 3719 sive
726 3644 817 3719 sinu
845 3651 1038 3720 retentet.

272 3785 458 3863 Iessaeus
487 3786 566 3863 isto
597 3785 768 3861 consilio
797 3812 899 3886 puer

271 3893 408 3969 Flexit
431 3894 676 3981 Tonantem,
705 3917 758 3967 ne
787 3892 916 3993 capiti
945 3917 1017 3967 suo

327 3999 563 4099 Quidquam
590 4006 760 4074 noceret
788 3999 1037 4099 proeliorum

382 4107 563 4181 Turbine
592 4107 657 4181 vel
686 4107 851 4205 placida
881 4105 1030 4206 quiete.
