3164 5154
523 238 598 295 Lm.
616 239 669 298 IV.
689 242 803 297 13-15.

178 440 328 515 Lenire
355 439 496 516 tristes
525 439 615 515 sola
641 446 760 540 potes
788 439 913 533 faces,

179 546 349 623 Sincera
375 546 521 639 verbis
549 546 731 647 alloquio
760 547 917 646 gravis:

234 654 390 746 ‚Hortis
419 653 605 728 fruamur
630 679 727 729 vere
751 678 926 731 amoeno

284 761 338 837 Et
365 761 507 860 tepida
532 759 746 836 foveamur
774 786 885 837 aura.

179 919 344 1019 Regina
370 919 519 994 florum
546 944 669 994 mane
696 944 792 995 rosa
820 920 1002 1020 explicat

180 1027 325 1103 Crines
355 1027 539 1117 decoros,
569 1051 738 1127 vespere
768 1026 946 1102 decidit:

232 1132 432 1210 Labentis
461 1132 554 1208 aevi
582 1133 721 1231 signat
747 1133 893 1208 horam

284 1240 647 1340 Praecipitemque
674 1240 815 1339 fugam
843 1240 1049 1316 iuventae.

181 1400 289 1491 Quid
316 1400 448 1475 multa
477 1400 583 1475 curis
613 1400 846 1499 quaerimus
875 1400 1009 1476 anxiis

182 1510 319 1607 Atque
348 1507 391 1581 in
419 1505 578 1582 futuros
606 1507 879 1607 prospicimus
909 1508 1030 1583 dies?

234 1614 334 1690 Cras
365 1614 580 1689 condimur
606 1613 724 1712 nigro
753 1615 942 1714 sepulcro

286 1720 468 1796 Victima
494 1721 555 1794 nil
582 1721 816 1796 miserantis
846 1721 951 1798 Orci.

179 1881 355 1957 Utamur
382 1879 512 1972 annis,
545 1881 641 1955 dum
670 1880 780 1972 licet,
812 1888 855 1956 et
882 1884 1005 1956 breve

179 1984 363 2062 Aeterna
390 1993 552 2087 tempus
580 1987 734 2086 gaudia
760 1994 978 2087 provocet:

233 2095 309 2168 His
337 2094 508 2169 immine
537 2094 695 2169 formae
722 2095 866 2186 nitore,

286 2202 403 2277 Haec
431 2226 549 2276 roseo
579 2208 687 2301 pete,
717 2202 845 2300 virgo,
875 2203 1001 2276 vultu.

180 2361 360 2435 Tantum
388 2360 584 2462 profanus
615 2368 758 2461 carpat
786 2387 902 2436 amor
931 2362 1085 2437 decus?

179 2467 314 2542 Absit.
370 2467 518 2543 Libido
549 2468 715 2544 sordida
741 2469 800 2542 nil
828 2470 956 2543 habet

232 2575 312 2649 Hic
340 2573 456 2650 iuris:
486 2577 589 2650 haec
619 2576 791 2651 debetur
818 2574 939 2651 astris

287 2683 424 2774 Frons,
452 2682 607 2757 nitidos
635 2682 762 2758 micet
789 2682 897 2757 intcr
925 2682 1071 2780 ignes‘

618 3282 697 3347 XV.

318 3494 621 3574 CEDENDUM
650 3497 995 3576 POTENTIORI.

179 3708 488 3808 Quemcumque
517 3709 631 3808 cogit
659 3710 761 3785 dura
786 3712 1013 3786 necessitas
1152 3724 1201 3781 fol.
1220 3727 1271 3782 49¹x

178 3817 340 3892 Mutare
367 3822 563 3908 mentem,
594 3818 741 3892 cedere
768 3818 924 3892 viribus

231 3923 456 4000 Maioribus
485 3923 593 4022 regis
622 3925 804 4024 potentis

283 4028 373 4105 Aut
399 4031 528 4106 trucis
556 4031 728 4131 imperio
758 4031 940 4130 tyranni:
1273 4085 1285 4123 r

178 4190 300 4265 Hunc
327 4190 525 4266 vanitatis
552 4194 673 4266 turba
702 4191 893 4290 coarguit

177 4297 230 4372 Et
259 4322 384 4372 caeca
412 4298 555 4397 pigrae
585 4299 757 4372 damnat
784 4298 970 4385 inertiae,

230 4404 483 4480 Prudentiae
512 4431 605 4480 cum
634 4405 688 4480 sit
716 4405 876 4504 sagacis

284 4510 533 4589 Accelerare
552 4513 727 4612 gradum
755 4521 990 4588 retrorsum.
1272 4566 1286 4605 ⁸
