<?xml version="1.0" encoding="UTF-8"?>
<!DOCTYPE html PUBLIC "-//W3C//DTD XHTML 1.0 Transitional//EN"
    "http://www.w3.org/TR/xhtml1/DTD/xhtml1-transitional.dtd">
<html xmlns="http://www.w3.org/1999/xhtml" xml:lang="en" lang="en">
 <head>
  <title>
</title>
<meta http-equiv="Content-Type" content="text/html;charset=utf-8" />
  <meta name='ocr-system' content='tesseract 3.04.00' />
  <meta name='ocr-capabilities' content='ocr_page ocr_carea ocr_par ocr_line ocrx_word'/>
</head>
<body>
  <div class='ocr_page' id='page_1' title='image "./psimonrettenbac00lehngoog/psimonrettenbac00lehngoog_0199.png"; bbox 0 0 3164 5154; ppageno 0'>
   <div class='ocr_carea' id='block_1_1' title="bbox 165 219 884 288">
    <p class='ocr_par' dir='ltr' id='par_1_1' title="bbox 165 219 884 288">
     <span class='ocr_line' id='line_1_1' title="bbox 165 219 884 288; baseline 0.001 -14"><span class='ocrx_word' id='word_1_1' title='bbox 165 229 226 288; x_wconf 77' lang='lat'>126</span> <span class='ocrx_word' id='word_1_2' title='bbox 420 255 421 258; x_wconf 19' lang='grc' dir='ltr'><strong>κ</strong></span> <span class='ocrx_word' id='word_1_3' title='bbox 721 219 884 275; x_wconf 83' lang='lat' dir='ltr'>EPODON</span> 
     </span>
    </p>
   </div>
   <div class='ocr_carea' id='block_1_2' title="bbox 162 419 1328 1907">
    <p class='ocr_par' dir='ltr' id='par_1_2' title="bbox 162 419 1159 615">
     <span class='ocr_line' id='line_1_2' title="bbox 162 419 1159 519; baseline 0.001 -26"><span class='ocrx_word' id='word_1_4' title='bbox 162 422 215 494; x_wconf 86' lang='lat' dir='ltr'>Et</span> <span class='ocrx_word' id='word_1_5' title='bbox 244 420 352 517; x_wconf 88' lang='lat' dir='ltr'>quid,</span> <span class='ocrx_word' id='word_1_6' title='bbox 384 421 417 493; x_wconf 92' lang='lat' dir='ltr'>si</span> <span class='ocrx_word' id='word_1_7' title='bbox 446 419 561 518; x_wconf 84' lang='lat' dir='ltr'>virgo</span> <span class='ocrx_word' id='word_1_8' title='bbox 590 419 712 493; x_wconf 81' lang='lat' dir='ltr'>fulvis</span> <span class='ocrx_word' id='word_1_9' title='bbox 741 419 969 519; x_wconf 85' lang='lat' dir='ltr'>spectanda</span> <span class='ocrx_word' id='word_1_10' title='bbox 997 419 1159 518; x_wconf 77' lang='lat' dir='ltr'>capillis</span> 
     </span>
     <span class='ocr_line' id='line_1_3' title="bbox 267 525 756 615; baseline -0.004 -14"><span class='ocrx_word' id='word_1_11' title='bbox 267 528 321 601; x_wconf 81' lang='lat' dir='ltr'>Et</span> <span class='ocrx_word' id='word_1_12' title='bbox 349 552 418 601; x_wconf 92' lang='lat' dir='ltr'>ore</span> <span class='ocrx_word' id='word_1_13' title='bbox 448 526 566 615; x_wconf 88' lang='lat' dir='ltr'>dulci,</span> <span class='ocrx_word' id='word_1_14' title='bbox 593 525 756 600; x_wconf 76' lang='lat' dir='ltr'>riserit?</span> 
     </span>
    </p>

    <p class='ocr_par' dir='ltr' id='par_1_3' title="bbox 163 632 1182 839">
     <span class='ocr_line' id='line_1_4' title="bbox 163 632 1182 726; baseline -0.001 -17"><span class='ocrx_word' id='word_1_15' title='bbox 163 632 207 709; x_wconf 89' lang='lat' dir='ltr'>Si</span> <span class='ocrx_word' id='word_1_16' title='bbox 234 633 293 707; x_wconf 90' lang='lat' dir='ltr'>nil</span> <span class='ocrx_word' id='word_1_17' title='bbox 322 634 377 708; x_wconf 92' lang='lat' dir='ltr'>sit</span> <span class='ocrx_word' id='word_1_18' title='bbox 404 640 573 724; x_wconf 87' lang='lat' dir='ltr'>certum,</span> <span class='ocrx_word' id='word_1_19' title='bbox 602 633 661 706; x_wconf 88' lang='lat' dir='ltr'>nil</span> <span class='ocrx_word' id='word_1_20' title='bbox 690 639 778 707; x_wconf 90' lang='lat' dir='ltr'>toto</span> <span class='ocrx_word' id='word_1_21' title='bbox 809 639 971 707; x_wconf 84' lang='lat' dir='ltr'>constet</span> <span class='ocrx_word' id='word_1_22' title='bbox 996 632 1041 707; x_wconf 90' lang='lat' dir='ltr'>in</span> <span class='ocrx_word' id='word_1_23' title='bbox 1070 635 1182 726; x_wconf 89' lang='lat' dir='ltr'>orbe,</span> 
     </span>
     <span class='ocr_line' id='line_1_5' title="bbox 268 740 910 839; baseline -0.002 -26"><span class='ocrx_word' id='word_1_24' title='bbox 268 740 364 814; x_wconf 90' lang='lat' dir='ltr'>Dici</span> <span class='ocrx_word' id='word_1_25' title='bbox 393 740 503 839; x_wconf 89' lang='lat' dir='ltr'>quod</span> <span class='ocrx_word' id='word_1_26' title='bbox 531 746 744 814; x_wconf 85' lang='lat' dir='ltr'>aeternum</span> <span class='ocrx_word' id='word_1_27' title='bbox 774 745 910 837; x_wconf 83' lang='lat' dir='ltr'>queat3</span> 
     </span>
    </p>

    <p class='ocr_par' dir='ltr' id='par_1_4' title="bbox 164 845 1142 1044">
     <span class='ocr_line' id='line_1_6' title="bbox 164 845 1142 946; baseline -0.002 -24"><span class='ocrx_word' id='word_1_28' title='bbox 164 845 314 922; x_wconf 90' lang='lat' dir='ltr'>Omnia</span> <span class='ocrx_word' id='word_1_29' title='bbox 342 846 374 920; x_wconf 90' lang='lat' dir='ltr'>si</span> <span class='ocrx_word' id='word_1_30' title='bbox 404 846 538 946; x_wconf 90' lang='lat' dir='ltr'>rapidi</span> <span class='ocrx_word' id='word_1_31' title='bbox 566 847 760 921; x_wconf 80' lang='lat' dir='ltr'>labantur</span> <span class='ocrx_word' id='word_1_32' title='bbox 788 845 969 920; x_wconf 86' lang='lat' dir='ltr'>fluminis</span> <span class='ocrx_word' id='word_1_33' title='bbox 998 845 1142 937; x_wconf 89' lang='lat' dir='ltr'>instar,</span> 
     </span>
     <span class='ocr_line' id='line_1_7' title="bbox 270 952 890 1044; baseline -0.003 -16"><span class='ocrx_word' id='word_1_34' title='bbox 270 952 374 1028; x_wconf 85' lang='lat' dir='ltr'>Cum</span> <span class='ocrx_word' id='word_1_35' title='bbox 404 955 489 1029; x_wconf 87' lang='lat' dir='ltr'>sole</span> <span class='ocrx_word' id='word_1_36' title='bbox 519 953 731 1027; x_wconf 81' lang='lat' dir='ltr'>solvrmtur</span> <span class='ocrx_word' id='word_1_37' title='bbox 758 952 890 1044; x_wconf 90' lang='lat' dir='ltr'>nives;</span> 
     </span>
    </p>

    <p class='ocr_par' dir='ltr' id='par_1_5' title="bbox 162 1059 1201 1265">
     <span class='ocr_line' id='line_1_8' title="bbox 162 1059 1201 1160; baseline 0 -26"><span class='ocrx_word' id='word_1_38' title='bbox 162 1059 316 1134; x_wconf 88' lang='lat' dir='ltr'>Tristia</span> <span class='ocrx_word' id='word_1_39' title='bbox 344 1085 437 1134; x_wconf 88' lang='lat' dir='ltr'>cum</span> <span class='ocrx_word' id='word_1_40' title='bbox 465 1061 628 1134; x_wconf 89' lang='lat' dir='ltr'>Mavors</span> <span class='ocrx_word' id='word_1_41' title='bbox 658 1059 776 1135; x_wconf 87' lang='lat' dir='ltr'>terris</span> <span class='ocrx_word' id='word_1_42' title='bbox 806 1059 999 1134; x_wconf 88' lang='lat' dir='ltr'>incendia</span> <span class='ocrx_word' id='word_1_43' title='bbox 1027 1067 1201 1160; x_wconf 87' lang='lat' dir='ltr'>spargat</span> 
     </span>
     <span class='ocr_line' id='line_1_9' title="bbox 271 1166 841 1265; baseline -0.002 -22"><span class='ocrx_word' id='word_1_44' title='bbox 271 1166 483 1265; x_wconf 89' lang='lat' dir='ltr'>Urbesque</span> <span class='ocrx_word' id='word_1_45' title='bbox 510 1166 616 1241; x_wconf 82' lang='lat' dir='ltr'>ferro</span> <span class='ocrx_word' id='word_1_46' title='bbox 647 1167 841 1256; x_wconf 89' lang='lat' dir='ltr'>demetat,</span> 
     </span>
    </p>

    <p class='ocr_par' dir='ltr' id='par_1_6' title="bbox 162 1272 1157 1480">
     <span class='ocr_line' id='line_1_10' title="bbox 162 1272 1157 1349; baseline 0.004 -4"><span class='ocrx_word' id='word_1_47' title='bbox 162 1272 287 1347; x_wconf 83' lang='lat' dir='ltr'>Falce</span> <span class='ocrx_word' id='word_1_48' title='bbox 315 1274 430 1348; x_wconf 89' lang='lat' dir='ltr'>velut</span> <span class='ocrx_word' id='word_1_49' title='bbox 457 1298 582 1348; x_wconf 81' lang='lat' dir='ltr'>curva</span> <span class='ocrx_word' id='word_1_50' title='bbox 610 1280 793 1348; x_wconf 87' lang='lat' dir='ltr'>maturas</span> <span class='ocrx_word' id='word_1_51' title='bbox 822 1297 981 1348; x_wconf 79' lang='lat' dir='ltr'>messor</span> <span class='ocrx_word' id='word_1_52' title='bbox 1008 1273 1157 1349; x_wconf 87' lang='lat' dir='ltr'>aristas</span> 
     </span>
     <span class='ocr_line' id='line_1_11' title="bbox 269 1380 836 1480; baseline -0.004 -26"><span class='ocrx_word' id='word_1_53' title='bbox 269 1380 471 1480; x_wconf 76' lang='lat' dir='ltr'>Properat</span> <span class='ocrx_word' id='word_1_54' title='bbox 499 1380 651 1454; x_wconf 87' lang='lat' dir='ltr'>calenti</span> <span class='ocrx_word' id='word_1_55' title='bbox 680 1381 836 1473; x_wconf 89' lang='lat' dir='ltr'>sidere;</span> 
     </span>
    </p>

    <p class='ocr_par' dir='ltr' id='par_1_7' title="bbox 163 1486 1328 1693">
     <span class='ocr_line' id='line_1_12' title="bbox 163 1486 1328 1587; baseline 0.004 -29"><span class='ocrx_word' id='word_1_56' title='bbox 163 1486 365 1585; x_wconf 88' lang='lat' dir='ltr'>Denique,</span> <span class='ocrx_word' id='word_1_57' title='bbox 396 1487 430 1562; x_wconf 90' lang='lat' dir='ltr'>si</span> <span class='ocrx_word' id='word_1_58' title='bbox 456 1511 533 1561; x_wconf 89' lang='lat' dir='ltr'>nos</span> <span class='ocrx_word' id='word_1_59' title='bbox 563 1487 717 1561; x_wconf 86' lang='lat' dir='ltr'>condat</span> <span class='ocrx_word' id='word_1_60' title='bbox 744 1486 904 1577; x_wconf 85' lang='lat' dir='ltr'>humus,</span> <span class='ocrx_word' id='word_1_61' title='bbox 936 1486 969 1560; x_wconf 90' lang='lat' dir='ltr'>si</span> <span class='ocrx_word' id='word_1_62' title='bbox 998 1486 1142 1562; x_wconf 89' lang='lat' dir='ltr'>debita</span> <span class='ocrx_word' id='word_1_63' title='bbox 1168 1489 1328 1587; x_wconf 85' lang='lat' dir='ltr'>praeda</span> 
     </span>
     <span class='ocr_line' id='line_1_13' title="bbox 270 1593 844 1693; baseline 0 -26"><span class='ocrx_word' id='word_1_64' title='bbox 270 1593 415 1670; x_wconf 81' lang='lat' dir='ltr'>Mortis</span> <span class='ocrx_word' id='word_1_65' title='bbox 443 1600 633 1693; x_wconf 86' lang='lat' dir='ltr'>petamur</span> <span class='ocrx_word' id='word_1_66' title='bbox 661 1593 844 1693; x_wconf 89' lang='lat' dir='ltr'>spiculis:</span> 
     </span>
    </p>

    <p class='ocr_par' dir='ltr' id='par_1_8' title="bbox 166 1697 1157 1907">
     <span class='ocr_line' id='line_1_14' title="bbox 166 1697 1157 1776; baseline 0.004 -5"><span class='ocrx_word' id='word_1_67' title='bbox 166 1697 248 1773; x_wconf 85' lang='lat' dir='ltr'>Cur</span> <span class='ocrx_word' id='word_1_68' title='bbox 275 1701 423 1776; x_wconf 89' lang='lat' dir='ltr'>animis</span> <span class='ocrx_word' id='word_1_69' title='bbox 453 1726 571 1776; x_wconf 87' lang='lat' dir='ltr'>curas</span> <span class='ocrx_word' id='word_1_70' title='bbox 600 1726 684 1775; x_wconf 89' lang='lat' dir='ltr'>non</span> <span class='ocrx_word' id='word_1_71' title='bbox 713 1725 977 1775; x_wconf 88' lang='lat' dir='ltr'>amoveamus</span> <span class='ocrx_word' id='word_1_72' title='bbox 1007 1699 1157 1776; x_wconf 87' lang='lat' dir='ltr'>edaces</span> 
     </span>
     <span class='ocr_line' id='line_1_15' title="bbox 272 1805 865 1907; baseline -0.007 -23"><span class='ocrx_word' id='word_1_73' title='bbox 272 1808 481 1907; x_wconf 81' lang='lat' dir='ltr'>Caeloque</span> <span class='ocrx_word' id='word_1_74' title='bbox 509 1808 639 1882; x_wconf 89' lang='lat' dir='ltr'>libeat</span> <span class='ocrx_word' id='word_1_75' title='bbox 667 1805 865 1906; x_wconf 85' lang='lat' dir='ltr'>obsequi?</span> 
     </span>
    </p>
   </div>
   <div class='ocr_carea' id='block_1_3' title="bbox 163 2462 1428 2774">
    <p class='ocr_par' dir='ltr' id='par_1_9' title="bbox 163 2462 1428 2774">
     <span class='ocr_line' id='line_1_16' title="bbox 764 2462 842 2526; baseline 0.026 -2"><span class='ocrx_word' id='word_1_76' title='bbox 764 2462 842 2526; x_wconf 87' lang='lat' dir='ltr'>XV.</span> 
     </span>
     <span class='ocr_line' id='line_1_17' title="bbox 163 2675 1428 2774; baseline 0.001 -23"><span class='ocrx_word' id='word_1_77' title='bbox 163 2675 282 2754; x_wconf 89' lang='lat' dir='ltr'>DUM</span> <span class='ocrx_word' id='word_1_78' title='bbox 314 2676 422 2754; x_wconf 89' lang='lat' dir='ltr'>VER</span> <span class='ocrx_word' id='word_1_79' title='bbox 459 2677 729 2774; x_wconf 88' lang='lat' dir='ltr'>DEPINGIT,</span> <span class='ocrx_word' id='word_1_80' title='bbox 767 2677 993 2754; x_wconf 86' lang='lat' dir='ltr'>INVITAT</span> <span class='ocrx_word' id='word_1_81' title='bbox 1025 2678 1100 2754; x_wconf 90' lang='grc' dir='ltr'>ΑΙ)</span> <span class='ocrx_word' id='word_1_82' title='bbox 1139 2678 1428 2758; x_wconf 83' lang='lat' dir='ltr'>LAETITIAM.</span> 
     </span>
    </p>
   </div>
   <div class='ocr_carea' id='block_1_4' title="bbox 271 2889 1421 4353">
    <p class='ocr_par' dir='ltr' id='par_1_10' title="bbox 271 2889 1415 3072">
     <span class='ocr_line' id='line_1_18' title="bbox 271 2889 1415 2990; baseline -0.003 -25"><span class='ocrx_word' id='word_1_83' title='bbox 271 2891 483 2988; x_wconf 82' lang='lat' dir='ltr'>Diffugere</span> <span class='ocrx_word' id='word_1_84' title='bbox 511 2889 640 2980; x_wconf 87' lang='lat' dir='ltr'>nives,</span> <span class='ocrx_word' id='word_1_85' title='bbox 670 2890 832 2987; x_wconf 87' lang='lat' dir='ltr'>gelidae</span> <span class='ocrx_word' id='word_1_86' title='bbox 863 2915 1021 2965; x_wconf 83' lang='lat' dir='ltr'>cessere</span> <span class='ocrx_word' id='word_1_87' title='bbox 1049 2891 1223 2990; x_wconf 88' lang='lat' dir='ltr'>pruinae</span> <span class='ocrx_word' id='word_1_88' title='bbox 1306 2909 1354 2963; x_wconf 78' lang='lat' dir='ltr'>for.</span> <span class='ocrx_word' id='word_1_89' title='bbox 1370 2908 1415 2964; x_wconf 76' lang='lat' dir='ltr'>tr·</span> 
     </span>
     <span class='ocr_line' id='line_1_19' title="bbox 379 2997 1032 3072; baseline 0.003 -2"><span class='ocrx_word' id='word_1_90' title='bbox 379 2997 444 3071; x_wconf 86' lang='lat' dir='ltr'>Ac</span> <span class='ocrx_word' id='word_1_91' title='bbox 472 3021 598 3071; x_wconf 91' lang='lat' dir='ltr'>rauca</span> <span class='ocrx_word' id='word_1_92' title='bbox 624 2997 784 3072; x_wconf 90' lang='lat' dir='ltr'>Boreae</span> <span class='ocrx_word' id='word_1_93' title='bbox 812 3022 1032 3072; x_wconf 90' lang='lat' dir='ltr'>murmura.</span> 
     </span>
    </p>

    <p class='ocr_par' dir='ltr' id='par_1_11' title="bbox 272 3102 1315 3309">
     <span class='ocr_line' id='line_1_20' title="bbox 272 3102 1315 3201; baseline 0 -21"><span class='ocrx_word' id='word_1_94' title='bbox 272 3102 499 3180; x_wconf 81' lang='lat' dir='ltr'>Arboribus</span> <span class='ocrx_word' id='word_1_95' title='bbox 528 3104 721 3178; x_wconf 89' lang='lat' dir='ltr'>decussus</span> <span class='ocrx_word' id='word_1_96' title='bbox 750 3103 892 3195; x_wconf 88' lang='lat' dir='ltr'>honor,</span> <span class='ocrx_word' id='word_1_97' title='bbox 925 3128 999 3178; x_wconf 89' lang='lat' dir='ltr'>sua</span> <span class='ocrx_word' id='word_1_98' title='bbox 1025 3104 1160 3201; x_wconf 84' lang='lat' dir='ltr'>gloria</span> <span class='ocrx_word' id='word_1_99' title='bbox 1187 3105 1315 3199; x_wconf 88' lang='lat' dir='ltr'>silvis,</span> 
     </span>
     <span class='ocr_line' id='line_1_21' title="bbox 379 3210 1010 3309; baseline 0.002 -24"><span class='ocrx_word' id='word_1_100' title='bbox 379 3211 574 3285; x_wconf 88' lang='lat' dir='ltr'>Redeunt</span> <span class='ocrx_word' id='word_1_101' title='bbox 602 3218 644 3285; x_wconf 89' lang='lat' dir='ltr'>et</span> <span class='ocrx_word' id='word_1_102' title='bbox 672 3210 781 3308; x_wconf 86' lang='lat' dir='ltr'>agris</span> <span class='ocrx_word' id='word_1_103' title='bbox 809 3210 1010 3309; x_wconf 84' lang='lat' dir='ltr'>gramina.</span> 
     </span>
    </p>

    <p class='ocr_par' dir='ltr' id='par_1_12' title="bbox 272 3316 1324 3500">
     <span class='ocr_line' id='line_1_22' title="bbox 272 3316 1324 3417; baseline 0.003 -25"><span class='ocrx_word' id='word_1_104' title='bbox 272 3316 500 3417; x_wconf 90' lang='lat' dir='ltr'>Perstrepit</span> <span class='ocrx_word' id='word_1_105' title='bbox 528 3323 570 3392; x_wconf 91' lang='lat' dir='ltr'>et</span> <span class='ocrx_word' id='word_1_106' title='bbox 597 3317 680 3391; x_wconf 89' lang='lat' dir='ltr'>leni</span> <span class='ocrx_word' id='word_1_107' title='bbox 710 3317 917 3392; x_wconf 87' lang='lat' dir='ltr'>demulcet</span> <span class='ocrx_word' id='word_1_108' title='bbox 943 3319 1131 3393; x_wconf 88' lang='lat' dir='ltr'>membra</span> <span class='ocrx_word' id='word_1_109' title='bbox 1159 3344 1324 3395; x_wconf 85' lang='lat' dir='ltr'>susmro</span> 
     </span>
     <span class='ocr_line' id='line_1_23' title="bbox 381 3424 882 3500; baseline -0.004 0"><span class='ocrx_word' id='word_1_110' title='bbox 381 3424 524 3500; x_wconf 81' lang='lat' dir='ltr'>Glacic</span> <span class='ocrx_word' id='word_1_111' title='bbox 554 3424 689 3499; x_wconf 92' lang='lat' dir='ltr'>soluta</span> <span class='ocrx_word' id='word_1_112' title='bbox 716 3424 882 3498; x_wconf 88' lang='lat' dir='ltr'>rivulus.</span> 
     </span>
    </p>

    <p class='ocr_par' dir='ltr' id='par_1_13' title="bbox 275 3529 1421 3737">
     <span class='ocr_line' id='line_1_24' title="bbox 275 3529 1270 3608; baseline 0.001 -2"><span class='ocrx_word' id='word_1_113' title='bbox 275 3531 441 3606; x_wconf 89' lang='lat' dir='ltr'>Gratior</span> <span class='ocrx_word' id='word_1_114' title='bbox 469 3531 511 3605; x_wconf 90' lang='lat' dir='ltr'>in</span> <span class='ocrx_word' id='word_1_115' title='bbox 540 3537 675 3606; x_wconf 90' lang='lat' dir='ltr'>toturn</span> <span class='ocrx_word' id='word_1_116' title='bbox 704 3530 828 3605; x_wconf 87' lang='lat' dir='ltr'>Titan</span> <span class='ocrx_word' id='word_1_117' title='bbox 858 3529 1101 3606; x_wconf 87' lang='lat' dir='ltr'>diffimditur</span> <span class='ocrx_word' id='word_1_118' title='bbox 1127 3534 1270 3608; x_wconf 88' lang='lat' dir='ltr'>orbem</span> 
     </span>
     <span class='ocr_line' id='line_1_25' title="bbox 380 3637 1421 3737; baseline 0.001 -26"><span class='ocrx_word' id='word_1_119' title='bbox 380 3640 433 3712; x_wconf 85' lang='lat' dir='ltr'>Et</span> <span class='ocrx_word' id='word_1_120' title='bbox 461 3663 630 3713; x_wconf 89' lang='lat' dir='ltr'>aureum</span> <span class='ocrx_word' id='word_1_121' title='bbox 660 3639 819 3737; x_wconf 85' lang='lat' dir='ltr'>spargit</span> <span class='ocrx_word' id='word_1_122' title='bbox 846 3637 974 3713; x_wconf 92' lang='lat' dir='ltr'>iubar.</span> <span class='ocrx_word' id='word_1_123' title='bbox 1410 3689 1421 3728; x_wconf 57' lang='lat'><strong>⁶</strong></span> 
     </span>
    </p>

    <p class='ocr_par' dir='ltr' id='par_1_14' title="bbox 274 3744 1341 3927">
     <span class='ocr_line' id='line_1_26' title="bbox 274 3744 1341 3845; baseline 0.003 -27"><span class='ocrx_word' id='word_1_124' title='bbox 274 3745 481 3819; x_wconf 86' lang='lat' dir='ltr'>Tellurem</span> <span class='ocrx_word' id='word_1_125' title='bbox 509 3745 722 3843; x_wconf 87' lang='lat' dir='ltr'>Zephyrus</span> <span class='ocrx_word' id='word_1_126' title='bbox 742 3744 911 3819; x_wconf 85' lang='lat' dir='ltr'>refovet</span> <span class='ocrx_word' id='word_1_127' title='bbox 939 3744 1189 3845; x_wconf 84' lang='lat' dir='ltr'>spirantibus</span> <span class='ocrx_word' id='word_1_128' title='bbox 1219 3747 1341 3839; x_wconf 67' lang='lat' dir='ltr'>auris</span> 
     </span>
     <span class='ocr_line' id='line_1_27' title="bbox 381 3850 920 3927; baseline 0.004 -3"><span class='ocrx_word' id='word_1_129' title='bbox 381 3852 542 3925; x_wconf 84' lang='lat' dir='ltr'>Educat</span> <span class='ocrx_word' id='word_1_130' title='bbox 569 3858 616 3926; x_wconf 86' lang='lat' dir='ltr'>ut</span> <span class='ocrx_word' id='word_1_131' title='bbox 643 3850 750 3926; x_wconf 86' lang='lat' dir='ltr'>fetus</span> <span class='ocrx_word' id='word_1_132' title='bbox 778 3876 920 3927; x_wconf 89' lang='lat' dir='ltr'>novos.</span> 
     </span>
    </p>

    <p class='ocr_par' dir='ltr' id='par_1_15' title="bbox 276 3956 1421 4152">
     <span class='ocr_line' id='line_1_28' title="bbox 276 3956 1344 4056; baseline 0.002 -25"><span class='ocrx_word' id='word_1_133' title='bbox 276 3956 385 4046; x_wconf 86' lang='lat' dir='ltr'>Quin</span> <span class='ocrx_word' id='word_1_134' title='bbox 406 3959 532 4033; x_wconf 89' lang='lat' dir='ltr'>etiam</span> <span class='ocrx_word' id='word_1_135' title='bbox 552 3958 753 4056; x_wconf 80' lang='lat' dir='ltr'>gremium</span> <span class='ocrx_word' id='word_1_136' title='bbox 774 3958 961 4033; x_wconf 85' lang='lat' dir='ltr'>felicibus</span> <span class='ocrx_word' id='word_1_137' title='bbox 981 3957 1179 4033; x_wconf 91' lang='lat' dir='ltr'>imbribus</span> <span class='ocrx_word' id='word_1_138' title='bbox 1199 3960 1344 4035; x_wconf 84' lang='lat' dir='ltr'>aether</span> 
     </span>
     <span class='ocr_line' id='line_1_29' title="bbox 382 4065 1421 4152; baseline -0.004 -14"><span class='ocrx_word' id='word_1_139' title='bbox 382 4065 536 4140; x_wconf 88' lang='lat' dir='ltr'>Irrorat</span> <span class='ocrx_word' id='word_1_140' title='bbox 564 4065 701 4139; x_wconf 84' lang='lat' dir='ltr'>uxoris</span> <span class='ocrx_word' id='word_1_141' title='bbox 731 4089 840 4139; x_wconf 88' lang='lat' dir='ltr'>suae.</span> <span class='ocrx_word' id='word_1_142' title='bbox 1402 4111 1421 4152; x_wconf 63' lang='lat'>1,</span> 
     </span>
    </p>

    <p class='ocr_par' dir='ltr' id='par_1_16' title="bbox 275 4170 1317 4353">
     <span class='ocr_line' id='line_1_30' title="bbox 275 4170 1317 4272; baseline 0.003 -29"><span class='ocrx_word' id='word_1_143' title='bbox 275 4170 400 4247; x_wconf 85' lang='lat' dir='ltr'>Flora</span> <span class='ocrx_word' id='word_1_144' title='bbox 428 4171 471 4246; x_wconf 91' lang='lat' dir='ltr'>in</span> <span class='ocrx_word' id='word_1_145' title='bbox 499 4171 714 4271; x_wconf 90' lang='lat' dir='ltr'>purpureis</span> <span class='ocrx_word' id='word_1_146' title='bbox 742 4172 871 4246; x_wconf 83' lang='lat' dir='ltr'>violas</span> <span class='ocrx_word' id='word_1_147' title='bbox 900 4171 1159 4272; x_wconf 88' lang='lat' dir='ltr'>proseminat</span> <span class='ocrx_word' id='word_1_148' title='bbox 1184 4171 1317 4248; x_wconf 88' lang='lat' dir='ltr'>hortis</span> 
     </span>
     <span class='ocr_line' id='line_1_31' title="bbox 384 4278 886 4353; baseline 0.004 -2"><span class='ocrx_word' id='word_1_149' title='bbox 384 4280 438 4353; x_wconf 87' lang='lat' dir='ltr'>Et</span> <span class='ocrx_word' id='word_1_150' title='bbox 465 4278 560 4353; x_wconf 91' lang='lat' dir='ltr'>liliis</span> <span class='ocrx_word' id='word_1_151' title='bbox 589 4278 736 4353; x_wconf 84' lang='lat' dir='ltr'>miscet</span> <span class='ocrx_word' id='word_1_152' title='bbox 761 4303 886 4353; x_wconf 89' lang='lat' dir='ltr'>rosas.</span> 
     </span>
    </p>
   </div>
   <div class='ocr_carea' id='block_1_5' title="bbox 276 4384 1421 4592">
    <p class='ocr_par' dir='ltr' id='par_1_17' title="bbox 276 4384 1421 4592">
     <span class='ocr_line' id='line_1_32' title="bbox 276 4384 1341 4485; baseline 0.003 -27"><span class='ocrx_word' id='word_1_153' title='bbox 276 4384 366 4459; x_wconf 88' lang='lat' dir='ltr'>Iam</span> <span class='ocrx_word' id='word_1_154' title='bbox 393 4385 585 4461; x_wconf 86' lang='lat' dir='ltr'>Narcisse</span> <span class='ocrx_word' id='word_1_155' title='bbox 615 4410 756 4460; x_wconf 85' lang='lat' dir='ltr'>comas</span> <span class='ocrx_word' id='word_1_156' title='bbox 785 4392 827 4460; x_wconf 92' lang='lat' dir='ltr'>et</span> <span class='ocrx_word' id='word_1_157' title='bbox 855 4385 989 4460; x_wconf 90' lang='lat' dir='ltr'>mollis</span> <span class='ocrx_word' id='word_1_158' title='bbox 1008 4409 1198 4461; x_wconf 87' lang='lat' dir='ltr'>amarace</span> <span class='ocrx_word' id='word_1_159' title='bbox 1217 4385 1341 4485; x_wconf 88' lang='lat' dir='ltr'>longo</span> 
     </span>
     <span class='ocr_line' id='line_1_33' title="bbox 384 4491 1421 4592; baseline 0.001 -26"><span class='ocrx_word' id='word_1_160' title='bbox 384 4493 553 4591; x_wconf 85' lang='lat' dir='ltr'>Frigore</span> <span class='ocrx_word' id='word_1_161' title='bbox 583 4493 764 4592; x_wconf 87' lang='lat' dir='ltr'>sepultas</span> <span class='ocrx_word' id='word_1_162' title='bbox 792 4491 949 4582; x_wconf 76' lang='lat' dir='ltr'>tollitis,</span> <span class='ocrx_word' id='word_1_163' title='bbox 1401 4536 1421 4576; x_wconf 57' lang='grc' dir='ltr'>ι,</span> 
     </span>
    </p>
   </div>
   <div class='ocr_carea' id='block_1_6' title="bbox 0 0 1594 5154">
    <p class='ocr_par' dir='ltr' id='par_1_18' title="bbox 0 0 1594 5154">
     <span class='ocr_line' id='line_1_34' title="bbox 0 0 1594 5154; baseline 0 0"><span class='ocrx_word' id='word_1_164' title='bbox 0 0 1594 5154; x_wconf 95' lang='lat' dir='ltr'> </span> 
     </span>
    </p>
   </div>
  </div>
 </body>
</html>
