3164 5154
495 260 567 314 LIB.
587 260 623 314 X.
643 262 722 316 2-4.

180 458 305 534 Nulla
332 465 374 534 te
403 456 529 533 febris
558 459 718 558 species
745 458 955 557 malignae

179 567 324 640 'Ferret
351 572 423 639 aut
452 565 564 639 canis
594 566 754 640 senium
783 566 953 664 capillis,

179 671 298 763 Quod
326 670 445 746 iubar
471 671 591 747 nobis
619 672 799 748 melioris
828 673 920 747 aevi

287 778 410 853 Ocius
439 777 597 853 aufert?

179 939 319 1012 Herba
348 938 572 1013 succrescit
598 937 726 1036 riguis
755 939 796 1011 in
826 938 954 1037 agris;

180 1045 260 1119 Ast
287 1044 357 1118 ubi
385 1045 580 1120 Phoebus
609 1045 723 1119 radio
753 1045 913 1144 potenti

180 1153 331 1227 Fervet
359 1158 484 1250 atque
515 1155 697 1226 exsiccat
725 1176 863 1250 aquas,
894 1153 1070 1227 virorem

285 1258 415 1332 Arida
442 1258 587 1357 perdit,
1211 1310 1235 1350 1⁶

178 1416 312 1493 Pallio
343 1417 439 1492 dum
468 1417 598 1493 tristis
627 1417 758 1490 hiems
787 1417 937 1516 rigenti

178 1524 305 1598 Prata
334 1525 576 1613 circumdat,
608 1524 758 1598 sterilis
788 1524 923 1599 calore

179 1632 305 1705 Terra
332 1631 524 1731 producit
551 1631 736 1729 fugiente
764 1632 921 1705 nullum

287 1738 466 1812 Germen
497 1739 540 1811 in
569 1737 711 1813 hortis,

179 1896 247 1972 Sic
276 1897 389 1973 cadit
417 1897 653 1996 praeclarus
682 1897 825 1987 honor,
856 1905 1030 1973 venusta

179 2003 246 2078 Sic
274 2004 370 2103 gelu
398 2005 571 2102 languet
597 2002 724 2078 facies
752 2005 817 2078 vel
847 2012 978 2079 aestu:

180 2110 370 2210 Carpitur
396 2113 553 2202 morb0,
583 2110 721 2185 tacitis
751 2111 929 2186 senescit
1043 2205 1047 2210 .

283 2218 434 2291 Forma
463 2218 528 2290 vel
557 2217 685 2291 annis.

177 2377 361 2466 Fallitur,
392 2376 574 2475 quisquis
602 2374 741 2474 fragili
769 2376 893 2450 nitori

179 2483 320 2558 Credit
349 2490 390 2558 et
417 2483 569 2559 blanda
599 2484 737 2581 specie
767 2482 964 2582 superbit:

177 2591 314 2690 Rapta
343 2616 414 2664 cur
442 2590 506 2678 sit,
538 2589 698 2688 quaerit
727 2614 829 2663 anus
857 2590 1062 2678 Lacaena,

281 2697 400 2771 Flore
431 2697 632 2771 iuventae.
1207 2746 1233 2784 a

576 3294 635 3357 IV.

343 3508 581 3584 VESTIUM
610 3508 862 3583 VANITAS.

177 3721 317 3795 Aureo
347 3721 462 3794 cultu
489 3719 684 3794 Telesilla
711 3718 853 3817 fulget,
1078 3733 1127 3787 fol.
1149 3735 1218 3789 166¹·

178 3829 378 3903 Gemmeo
408 3827 518 3900 nodo
546 3827 696 3924 religat
725 3825 910 3925 capillos,

176 3935 377 4008 Lacteum
407 3933 557 4007 collum
586 3934 695 4008 nivei
724 3932 854 4031 lapilli

284 4041 387 4115 Arte
417 4047 629 4115 coronant.

178 4199 289 4289 Quot
316 4206 451 4274 tumet
478 4199 748 4298 compagibus
778 4198 862 4273 alta
892 4198 1053 4272 cervix!

178 4306 299 4381 Celsa
327 4307 540 4404 consurgit
567 4305 781 4402 Babylone
809 4304 952 4379 turris:

176 4412 309 4512 Erigit
335 4414 429 4488 nisu
457 4412 582 4487 simili
610 4412 749 4512 puella

282 4519 446 4594 Frontis
474 4521 685 4594 honorem.
