3164 5154
698 249 916 307 cruuntur(

319 449 491 526 Lasciva
517 451 646 549 pubes
674 446 835 523 institui
863 448 980 549 cupit

317 555 469 632 Primis
498 557 550 630 ab
579 555 698 630 annis
729 554 922 631 mollibus
951 556 1128 632 artibus:

371 662 573 763 Exempla
602 687 696 737 cum
722 662 834 737 natis
860 667 1057 761 parentes

425 768 561 843 Prava
589 768 750 860 dedere,
779 775 921 844 vetare
950 793 1005 843 an
1032 769 1193 846 ausint?

318 928 500 1003 Fraudes
515 927 709 1003 scelestas
724 926 823 1026 quid
842 952 1068 1003 memorem
1083 935 1126 1005 et
1140 930 1282 1006 dolos?

317 1034 433 1110 Lites
463 1037 678 1108 cruentas?
706 1033 875 1110 horrida
902 1034 1039 1134 iurgia

379 1141 495 1215 Inter
521 1140 774 1239 propinquos
802 1145 927 1240 atque
956 1140 1139 1216 amicos?

426 1246 661 1345 Coniugum
689 1253 732 1322 et
759 1247 979 1345 ambiguos
1005 1246 1202 1324 timores?
1388 1299 1407 1339 e
1453 1305 1455 1313 .

318 1407 413 1480 Non
442 1405 501 1481 sic
528 1406 733 1499 iuventus,
763 1429 869 1504 quae
897 1406 1025 1481 decus
1053 1406 1204 1506 imperi

320 1512 568 1588 Germanico
600 1511 688 1587 orbi
716 1536 802 1586 non
829 1511 992 1610 trepido
1020 1512 1164 1590 intulit

373 1617 557 1694 Sublime
585 1617 705 1711 senc,
736 1617 809 1694 sed
836 1618 1034 1694 modestis

424 1724 607 1801 Moribus
635 1731 759 1825 atque
788 1725 975 1800 animosa
1003 1724 1160 1802 dextra.
1390 1777 1408 1817 e

318 1885 389 1976 At,
418 1884 550 1976 Musa,
579 1908 659 1983 quo
687 1891 730 1960 tc
758 1884 1029 1986 praecipitem
1057 1884 1167 1984 rapit

316 1992 523 2066 Funestus
551 1991 696 2066 ardor?
725 1990 824 2090 quid
850 1991 1071 2068 lacrimans
1099 1990 1256 2089 gemis?

370 2097 464 2173 Non
492 2103 535 2172 te
564 2097 715 2174 decent
740 2122 874 2173 vanae
904 2097 1115 2198 querelae:

424 2203 626 2280 Tristibus
654 2205 730 2278 has
759 2204 924 2280 senibus
951 2204 1148 2305 relinque.

772 2804 835 2871 ΠΙ.

506 3019 873 3100 CONTEMPTUS
901 3019 1088 3099 MUNDI.

320 3234 577 3335 Quicumque
606 3241 767 3335 spectas
797 3232 966 3309 delicias
994 3232 1078 3333 poli
1288 3245 1337 3300 fol.
1356 3244 1401 3300 29¹·

317 3343 372 3416 Et
398 3348 538 3416 mente
566 3341 728 3441 quaeris
758 3341 939 3416 sidereos
968 3339 1126 3429 choros,

370 3445 441 3522 Ad
469 3446 582 3522 dives
610 3447 740 3523 Hebri
768 3447 924 3522 flumen
951 3445 1049 3520 audi

426 3553 591 3653 Orphea
620 3552 678 3628 sic
704 3553 853 3629 fidibus
882 3558 1113 3630 canentem:

318 3713 549 3808 ‚Labuntur
576 3713 686 3805 anni,
716 3711 938 3811 diffugiunt
965 3711 1063 3802 dies,

318 3819 450 3896 Cursu
479 3824 525 3895 ut
553 3818 682 3896 citato
708 3821 857 3918 cymba
881 3843 952 3917 per
975 3840 1173 3917 aequora:

372 3926 535 4001 Tellure
564 3925 663 4025 quid
690 3925 762 4001 vili
788 3949 996 4000 moramur

424 4033 478 4107 Et
503 4032 647 4107 nitidis
674 4056 934 4108 removemur
961 4030 1111 4106 astris?

316 4188 590 4266 Aeternitatis
616 4215 693 4266 nos
722 4191 906 4266 stimulet
933 4191 1057 4265 decus

316 4296 507 4396 Solisque
534 4297 732 4372 blandum
758 4296 953 4383 sollicitet
979 4296 1108 4388 iubar,

374 4402 591 4481 Oblivione
618 4411 665 4480 ut
694 4403 878 4479 deleatur

424 4509 629 4610 Eurydice
655 4510 835 4585 tenebris
862 4509 1018 4586 relicta.
