3164 5154
699 220 905 278 SILVARUM

378 423 559 499 Lubrico
588 428 716 498 cantu
743 421 913 521 cupidas
942 421 1100 520 puellas

379 530 547 606 Excitat
572 529 703 629 turpis
731 527 903 605 Veneris
930 529 1105 628 propola

379 639 433 714 Et
459 639 571 737 lyrae
599 635 736 711 nervis
763 635 949 711 stimulat
975 641 1164 710 ruentem
1193 634 1239 709 in

485 743 652 820 Proelia
679 748 866 818 taurum..

381 904 525 980 Martis
554 904 652 978 hinc
679 904 852 1003 languet
879 901 996 1000 vigor
1024 925 1074 976 oc
1101 899 1220 977 virile

382 1010 573 1112 Corpon‘s
601 1013 740 1087 robur:
769 1008 929 1086 facibus
959 1006 1118 1108 Cupido

381 1117 525 1195 Saevit
551 1117 734 1207 immitis,
763 1116 910 1192 iaculis
936 1113 1110 1190 furentis

488 1224 694 1300 Sternitur
719 1225 853 1299 heros.

383 1385 427 1460 Si
455 1385 577 1484 sepis,
605 1383 693 1459 vita
721 1382 910 1483 Cypridis
938 1389 1123 1482 nepotes

380 1491 558 1568 Abstine
585 1490 718 1567 foedis
747 1490 909 1576 salibus,
938 1489 1125 1565 Melisse:

380 1599 509 1674 Plebe
538 1598 647 1699 quod
675 1622 814 1673 coram
845 1595 982 1673 facere
1015 1597 1235 1688 erubescis,

490 1705 640 1780 Dicere
667 1704 765 1780 noli.

769 2340 847 2406 VII.

257 2557 330 2633 AD
359 2556 614 2634 NONNUM:
649 2556 854 2634 IEIUNIA
882 2555 998 2633 NON
1028 2556 1233 2636 OBESSE
1262 2559 1363 2636 SED

663 2680 952 2758 PRODESSE.

173 2895 323 2970 Nonne
349 2893 493 2992 gemis,
524 2893 718 2993 quoniam
747 2894 922 2970 redeunt
948 2894 1104 2970 ieiunia
1131 2894 1238 2971 veris
1267 2909 1317 2964 foi
1340 2914 1418 2963 1011·

281 3001 462 3076 Tristia?
491 3000 748 3099 Languidius

173 3110 361 3184 Membra
391 3131 542 3198 moves,
572 3132 622 3184 ac
651 3107 686 3183 si
715 3108 816 3181 dura
843 3112 917 3183 sub
946 3109 1056 3184 mole
1075 3110 1239 3186 labores

279 3214 617 3314 Ponderibusque
647 3214 781 3289 cadas.

172 3324 345 3397 Exerrat
372 3322 460 3395 sols
487 3346 603 3395 mens
633 3347 756 3397 caeca
786 3321 989 3420 cupidine,
1015 3322 1155 3422 pasci.

278 3427 453 3503 Fervida
481 3428 655 3521 deliciis3

175 3535 283 3627 Quid
312 3539 436 3610 caro?
466 3535 565 3634 quid
591 3535 753 3635 pisces?
781 3560 866 3609 non
894 3545 991 3612 sunt
1019 3535 1192 3611 obsonia
1219 3539 1370 3635 grata?

280 3641 388 3731 Quid
415 3643 513 3740 gula
541 3641 663 3717 foeda
689 3641 827 3742 petit?

173 3748 286 3825 Heu!
318 3749 507 3848 quotiens
535 3750 714 3823 mendax
736 3755 778 3824 te
799 3749 914 3823 ducit
933 3749 1101 3849 opinio?
1122 3751 1239 3826 caelo

281 3856 532 3954 Obsequium
562 3881 682 3931 omne
711 3859 871 3954 negas?

175 3962 283 4051 Quid
311 3962 480 4037 tandem
508 3964 591 4057 fiet,
622 3989 714 4039 cum
743 3969 785 4037 te
814 3988 923 4039 mors
950 3964 1089 4039 laedet
1116 3971 1242 4040 acuta

280 4069 404 4144 Falce
433 4095 572 4144 senem
601 4096 650 4145 ac
679 4069 824 4167 rapiet,

175 4176 265 4265 Quo
287 4177 494 4274 quondam
514 4177 672 4252 Hector
691 4176 789 4265 abit,
821 4201 900 4276 quo
921 4177 1036 4252 Pelei
1057 4179 1234 4254 candida
1251 4180 1394 4279 proles,

282 4281 372 4370 Quo
401 4284 518 4357 Paris
549 4309 616 4358 ore
645 4285 805 4359 nitens?

176 4386 281 4463 Cum
309 4389 359 4463 de
388 4397 430 4463 te
458 4391 601 4474 Minos,
632 4393 701 4490 qui
729 4390 839 4465 flecti
866 4391 1010 4482 nescit,
1040 4396 1191 4469 acerba

281 4497 443 4571 Fecerit
471 4497 650 4590 arbitria,
