3164 5154
551 239 628 294 LIB.
646 238 698 295 IV.
718 240 833 296 11-13.

211 437 382 537 Angues
409 437 637 529 horribiles,
667 445 854 513 monstra
880 436 1083 514 triformia

211 545 360 636 Nutrit,
389 544 587 621 terrificas
615 544 757 619 Africa
784 545 937 636 beluas,

212 651 294 728 Sed
320 651 437 753 peior
464 651 627 752 Paphia
653 653 768 727 nulla
794 651 967 727 libidine

318 758 408 834 Aut
433 762 585 858 probro
613 758 860 835 meretricio.

211 900 382 999 Integra
411 899 518 975 nihil
546 906 609 976 est
635 900 795 1001 virgine
822 901 1045 1002 pulchrius,

213 1005 417 1106 Corrupto.
443 1006 548 1082 nihil
576 1013 641 1083 est
667 1007 828 1083 foedius
856 1008 1000 1108 aspici,

212 1112 371 1189 infame
401 1137 452 1188 ex
480 1113 610 1190 oculis
639 1140 734 1189 cum
763 1114 894 1190 scelus
925 1117 1075 1191 emicet

317 1221 371 1295 Et
397 1221 541 1297 vesani
569 1220 697 1296 animi
724 1230 836 1297 nota.
1295 1258 1320 1297 ιι

213 1361 322 1453 Quid
350 1365 519 1437 censes?
547 1369 619 1438 tua
647 1387 732 1437 non
760 1369 888 1438 terret
914 1363 1096 1464 imagine

212 1470 271 1544 Te
299 1469 409 1569 turpi
438 1469 620 1569 species?
649 1470 862 1546 exanimat
890 1496 1010 1547 coma

213 1575 440 1652 Albescens
468 1577 687 1676 trepidum,
717 1577 934 1675 plumbeus
963 1584 1035 1654 aut
1063 1579 1202 1654 color?

319 1684 474 1759 Metam
502 1708 610 1783 pone
635 1682 851 1759 furoribus.

214 1825 318 1900 Cum
347 1828 494 1925 cymba
526 1825 693 1926 Stygius
720 1826 864 1902 navita
891 1828 1140 1920 transvehet,

213 1931 321 2022 Quid
348 1932 482 2034 possis
511 1933 647 2032 rigido
678 1932 813 2008 dicere
841 1933 982 2024 iudici,

211 2040 301 2114 Iam
329 2038 552 2140 perpende:
581 2039 696 2114 nefas
723 2065 808 2115 non
835 2041 941 2115 latet
968 2040 1154 2117 abditum

319 2147 355 2220 N
358 2171 404 2221 ec
435 2146 587 2221 densae
615 2150 811 2222 tenebrae
840 2152 999 2246 tegunt.
1293 2181 1320 2220 ιο

213 2287 315 2378 Quis
342 2313 490 2363 zonam
519 2290 761 2388 improbitas
792 2289 982 2365 dissoluit
1007 2296 1091 2380 tua,

210 2396 320 2470 Dum
349 2396 476 2472 traxit
502 2395 650 2470 rutilae
678 2393 812 2470 forma
839 2396 1053 2497 pecuniae,

211 2503 269 2577 Te
299 2508 459 2577 sontem
490 2501 625 2577 tetrici
655 2502 837 2577 criminis
866 2509 1061 2602 arguent:

319 2607 496 2698 Quanta
526 2609 628 2684 heu!
659 2609 859 2709 supplicio
887 2610 984 2685 lues.
1291 2645 1319 2684 ει

641 2964 744 3027 ΧΙΠ.

175 3105 499 3185 SEPULCRUM
526 3107 725 3185 DOMINI
753 3105 1207 3185 RECUPERANDUM.

213 3249 343 3344 ,Caeli
372 3274 525 3348 magne
553 3249 721 3341 Pareae,
752 3250 905 3324 arbiter
934 3248 1126 3340 omnium,
1182 3263 1322 3320 f01.1041-

213 3355 327 3445 Quae
356 3357 526 3431 tandem
553 3357 723 3456 trepidis
752 3363 864 3431 meta
892 3356 1161 3432 tumultibus?

266 3462 439 3553 Quando
470 3463 558 3538 dira
584 3464 782 3539 recedent

318 3570 477 3645 Nostris
505 3570 662 3670 proelia
689 3570 864 3644 finibus?

214 3712 426 3787 Certatum
456 3712 556 3786 satis
586 3720 648 3786 est
676 3719 717 3785 et
743 3711 915 3784 nimium
947 3711 1014 3785 diu

212 3820 401 3917 Europae
429 3818 575 3892 validis
603 3817 774 3892 viribus:
806 3816 948 3892 Africa

267 3925 365 4001 Sese
392 3924 559 4000 miscuit
586 3925 708 3999 armis

319 4029 457 4130 Atque
486 4031 650 4107 imbelle
679 4030 806 4105 Asiae
835 4031 954 4104 latus.

214 4174 314 4267 Quis
341 4174 510 4250 maestis
539 4200 694 4249 vacuus
723 4173 908 4249 cladibus
937 4173 1136 4270 angulus?

213 4281 474 4357 Munimenta
502 4289 636 4372 ruunt,
666 4280 831 4355 moenia
859 4281 1099 4356 concidunt:

266 4386 378 4463 Arva
406 4389 561 4463 inculta
589 4396 810 4464 senescunt

319 4497 374 4570 Et
401 4505 589 4572 marcent
617 4495 746 4570 sterili
774 4495 872 4569 solo.
