3164 5154
635 1130 662 1198 1.

333 1363 615 1442 CALUMNIA
644 1364 977 1442 SPERNENDA.

116 1580 295 1655 Tristem
324 1585 366 1654 te
394 1577 528 1669 vide0,
558 1579 710 1653 Probe:
1141 1591 1190 1649 fol.
1209 1594 1262 1649 99¹·

225 1685 333 1775 Quid
361 1686 522 1785 ploras?
549 1685 723 1759 nimium
753 1709 876 1760 saeva
904 1683 1111 1760 calumnia

118 1794 269 1868 Aestus
296 1792 478 1891 pectoris
508 1800 572 1867 est
598 1792 683 1866 tui?

225 1900 284 1974 At
303 1899 401 1999 quid
419 1924 528 1973 vana
547 1898 679 1972 virum
703 1904 993 1974 commoveant
1011 1899 1185 1998 probra?
1265 1933 1279 1970 ι

119 2008 227 2099 ,Non
254 2005 404 2080 iniuria
431 2005 618 2105 surrigat,

226 2113 330 2189 Cum
353 2138 577 2212 numquam
603 2113 790 2186 studeam
817 2112 981 2188 laedere
1005 2110 1240 2211 quempiam

119 2218 258 2319 Atque
287 2220 460 2294 invadar
488 2222 538 2295 ab
569 2219 797 2294 omnibus?‘

226 2327 333 2418 Quid
360 2327 530 2426 prodest
557 2325 746 2424 gemituS,
778 2324 876 2425 quid
904 2324 1186 2425 querimonia?
1266 2358 1279 2397 s

119 2433 434 2509 Contemnendo
463 2433 594 2532 magis
623 2433 710 2518 tibi,

226 2539 342 2628 Quae
372 2540 530 2641 spargit
557 2539 744 2639 populus,
773 2538 871 2612 vilia
899 2538 1043 2637 iurgia,

119 2647 234 2736 Quae
263 2647 394 2722 iactat
420 2672 636 2747 procerum
667 2647 826 2738 cohors,

225 2756 336 2828 Dum
364 2754 526 2853 magnis
554 2753 710 2829 meritis
738 2759 937 2853 perpetuo
967 2750 1136 2843 invidet,
1255 2785 1280 2825 a

118 2862 270 2962 Ingens
299 2869 490 2937 attenuat
519 2862 654 2951 docus,

227 2968 361 3057 Quam
387 2968 602 3067 prodenda
629 2966 757 3041 animi
785 2966 956 3040 vulnera
984 2964 1122 3039 saucii.

120 3075 163 3150 Si
193 3100 372 3174 spernas,
403 3077 560 3149 abeunt
587 3081 695 3148 retro

224 3183 274 3255 in
303 3182 497 3256 damnum
527 3181 685 3255 domini
713 3181 797 3255 tela
824 3179 1019 3254 volantia.
1254 3212 1279 3250 ιε

119 3289 163 3364 Si
192 3296 372 3364 mentem
402 3288 622 3378 excrucies
653 3288 769 3362 labor

227 3395 398 3495 Semper
425 3396 645 3471 sollicitum
676 3392 854 3468 difficilis
882 3401 1057 3492 premet:

118 3505 280 3579 Turbae
309 3503 461 3601 gaudia
488 3502 639 3577 lividae

224 3609 475 3700 Praestabis
506 3609 671 3708 gravius
698 3607 824 3684 noxia
851 3614 898 3681 ut
924 3605 1125 3705 ingerant.
1251 3638 1278 3675 20

117 3718 226 3815 Ergo
256 3716 467 3791 dissimula
494 3714 618 3806 nefas

224 3823 405 3897 Mendax
433 3823 575 3920 lingua
603 3821 680 3897 tibi
707 3828 826 3921 turpe
856 3821 966 3919 quod
994 3819 1165 3895 accinet.

117 3930 223 4004 Nam
251 3928 367 4004 freno
398 3929 655 4004 cohibebitur

224 4036 399 4112 Mordax
426 4036 566 4111 utilius
595 4060 727 4110 sermo
757 4034 919 4128 silentii,

119 4143 253 4234 Quam
283 4144 317 4218 si
346 4144 479 4218 sidera
506 4143 682 4217 misceas

225 4251 360 4325 Terris
389 4257 431 4325 ot
457 4250 627 4349 trepidis
657 4254 806 4324 cuncta
833 4249 1087 4339 tumultibus,

119 4358 224 4435 Cum
252 4358 448 4433 silescere
478 4357 640 4448 sentiat,

227 4464 342 4555 Quae
371 4464 598 4539 certamina
625 4468 688 4539 tot
715 4462 869 4537 viribus
899 4461 1062 4536 excitat.
1252 4491 1278 4531 ιε
