3164 5154
517 247 591 302 LlB.
609 246 632 302 Ι.
652 248 766 303 18-20.

109 447 267 523 Probrc
297 446 442 522 cedere
469 446 662 521 nesciam.

216 553 373 629 Amens
401 553 470 628 ille
499 553 666 628 demum
696 553 845 629 circuit
871 560 914 628 et
939 550 1084 643 fremit,

111 660 229 737 Sicut
256 685 380 760 saepe
408 662 528 760 lupus
557 658 666 735 fame

216 769 270 843 Et
298 767 386 845 dira
412 766 527 842 rabie
555 791 719 866 pressus
748 767 871 843 ovilia

112 875 433 965 Circumlustrat,
462 880 507 950 at
533 874 693 973 ingredi

216 982 432 1057 Audacem
460 981 632 1079 vigilum
662 1006 759 1056 cura
786 988 902 1057 vetat
931 1005 1091 1056 canum.

110 1089 362 1165 Praesertim
389 1087 559 1163 insidias
588 1087 709 1164 struit

218 1197 387 1272 Summo
416 1220 549 1285 mane,
579 1194 682 1269 rosis
712 1195 808 1269 dum
836 1194 960 1270 variis
988 1195 1095 1269 nitet
1243 1245 1267 1284 c

111 1300 273 1378 Aurora
301 1309 344 1377 et
370 1307 527 1376 reserat
554 1301 674 1376 diem.

223 1408 304 1484 Sed
334 1408 545 1484 desideriis
573 1407 856 1507 Melpomenes
885 1407 1014 1483 cliens

112 1514 272 1610 Obstat,
300 1516 396 1590 dum
425 1515 570 1590 studiis
598 1522 724 1590 vacat

218 1625 271 1699 Et
300 1623 424 1698 sacris
454 1623 636 1698 celebrat
664 1620 914 1697 carminibus
942 1623 1074 1696 deum.

111 1729 222 1805 Diris
252 1731 428 1805 devovet
454 1730 565 1803 hunc
592 1754 750 1828 procus,

220 1836 299 1926 Qui
327 1861 552 1936 numquam
581 1835 774 1935 cupidum
794 1835 912 1910 novit
930 1835 1174 1910 adulterum.

113 1942 195 2019 Sed
223 1943 411 2042 percepit
437 1943 509 2018 ubi
537 1944 689 2033 omnia,

219 2050 271 2125 Se
300 2050 499 2125 maturius
528 2050 581 2124 ad
610 2049 864 2125 Castalidum
893 2050 1075 2139 chorum,
1242 2096 1269 2136 ῃ

113 2155 265 2232 Grates
294 2157 469 2232 contulit
498 2163 540 2233 et
566 2156 703 2232 libros.

220 2261 288 2337 Sic
319 2265 433 2339 elusa
459 2263 612 2354 Venus,
643 2263 701 2339 sic
730 2262 915 2362 Paphius
943 2286 1062 2362 puer:

113 2368 181 2445 Sic
209 2370 378 2446 laudata
405 2369 485 2446 fuit
513 2370 642 2468 Clyte,

218 2475 277 2550 At
306 2483 423 2577 turpe
453 2476 715 2576 opprobrium
745 2475 948 2551 Nicoleon
976 2473 1084 2550 tulit.
1244 2524 1272 2563 2,

601 3163 684 3227 XX.

63 3377 428 3456 >TREBAT1UMI
467 3376 577 3455 NEC
605 3375 997 3455 PAUPERTATEM
1021 3373 1130 3453 NEC
1154 3375 1289 3452 DIVI-

421 3501 544 3578 TIAS
574 3501 874 3579 OPTANDAS.

119 3715 237 3791 Sorte
267 3721 484 3792 contentus
513 3713 639 3805 tenui,
669 3713 850 3804 Trebati,
1138 3725 1189 3781 fol.
1208 3727 1260 3782 70¹·

119 3823 270 3921 Exigas
300 3847 459 3913 aevum,
489 3821 663 3895 nimium
691 3846 768 3895 nec
800 3827 914 3919 optes

119 3929 309 4005 Persicas
338 3953 462 4028 gazas
491 3926 728 4003 Arabumve
756 3926 918 4025 fulgens

227 4036 437 4134 Torqueat
465 4061 622 4111 aurum:

120 4196 208 4270 Nec
234 4202 377 4272 tamen
404 4219 561 4295 pauper
590 4194 732 4294 cupias
760 4194 889 4269 videri

122 4302 257 4378 Pallio
287 4302 367 4394 vili,
395 4303 538 4377 tunica
565 4307 715 4393 resuta,

124 4408 283 4485 Calceis
311 4409 450 4508 ruptis,
480 4408 627 4508 capitis
656 4414 819 4483 vetusto

226 4517 426 4615 Tegmine
454 4513 597 4592 fracte.
