3164 5154
765 537 865 602 XXI.

388 752 496 831 PAX
523 757 561 833 N
565 753 702 833 ULLA
731 753 841 831 AUT
869 754 1016 831 RARA
1042 755 1247 834 TERRIS.

391 967 519 1040 Grata
546 992 628 1066 pax
656 966 785 1042 fertur
812 966 969 1067 superis
1000 975 1042 1043 et
1069 968 1163 1044 imis
1283 983 1325 1036 fol.
1342 984 1391 1038 18411

388 1072 542 1149 Incolis
571 1081 718 1166 terrae,
745 1074 916 1172 regione
942 1083 1087 1150 nostra

390 1178 472 1256 Sed
501 1181 571 1255 diu
598 1180 732 1256 nescit
757 1206 988 1257 remanere:
1019 1180 1151 1259 fastus

494 1287 641 1362 Trudit
668 1287 815 1366 inanis.

391 1482 554 1557 Foedus
583 1481 627 1556 in
655 1488 846 1557 sanetum
875 1490 1027 1559 ooeunt
1054 1484 1286 1584 frequenter

388 1588 618 1689 Principes
647 1589 760 1687 leges
789 1597 977 1667 statuunt
1004 1592 1207 1668 salubres:

389 1695 570 1772 Censeas
599 1695 774 1795 scriptas
803 1697 1024 1775 adamante
1052 1724 1273 1799 numquam

494 1801 623 1877 Posse
651 1803 780 1901 refigi.

388 1996 457 2070 Ira
485 1997 557 2071 sed
584 2021 783 2097 praeceps
810 2005 952 2075 movet
980 2025 1096 2076 arma
1123 2026 1277 2076 rursus:

390 2102 526 2179 Causa
554 2103 608 2178 sit
636 2103 822 2202 quamvis
851 2105 986 2182 tenuis
1014 2107 1080 2181 vel
1109 2111 1264 2200 umbra,

389 2211 599 2284 Proelium
628 2211 770 2308 surgit,
800 2212 950 2289 misero
978 2220 1169 2290 rotantur

496 2316 676 2392 Turbine
705 2317 824 2395 cives.

389 2514 571 2589 Motibus
600 2514 752 2590 crebris
780 2515 961 2613 agitatur
989 2517 1115 2592 orbis:

390 2620 564 2695 Plurimi
593 2628 760 2698 servant
788 2621 872 2697 odii
901 2647 1117 2712 venenum,

392 2727 511 2816 Quod
541 2753 614 2804 suo
643 2729 752 2804 diras
781 2729 887 2813 solet
915 2729 1095 2806 excitare

496 2835 700 2935 Tempore
728 2835 927 2912 flammas.

390 3029 508 3104 Bella
534 3030 752 3105 nobiseum
779 3030 960 3128 gerimus
988 3055 1066 3107 neo
1094 3058 1288 3134 umquam

390 3137 499 3212 Tuta
525 3162 608 3236 pax
635 3135 786 3213 mentis
814 3137 969 3215 residet
996 3140 1135 3215 cubili:

388 3244 555 3342 Pugnat
583 3243 782 3335 adfectus,
811 3245 917 3321 ratio
946 3245 1144 3322 resistens

429 3421 431 3426 .
496 3351 685 3451 Denique
714 3351 835 3427 oedit.

391 3542 563 3634 Quaere,
593 3544 817 3643 tranquilla
844 3544 1023 3621 statione
1052 3546 1157 3621 caeli

390 3649 433 3723 Si
461 3648 540 3723 frui
568 3651 705 3749 posois
732 3651 900 3751 plaoida
927 3651 1079 3750 quiete:

389 3755 468 3829 Hie
496 3757 616 3848 turer,
643 3758 789 3848 luctus,
819 3758 944 3833 timor
972 3767 1014 3834 et
1040 3758 1264 3835 tumultus

498 3863 643 3939 Castra
670 3865 870 3940 locarunt.
