3164 5154
755 491 838 558 ΧΠ

492 686 728 765 CONSILlI
765 685 1110 764 NECESSITAS.

156 902 306 979 Uterus
336 898 540 998 ambiguis
568 901 702 989 rebus,
730 899 916 973 Fortuna
943 896 1107 973 sinistro
1302 913 1417 970 31511·

263 1007 481 1081 Incautum
510 1013 552 1080 te
581 1006 744 1080 turbine
773 1011 919 1081 versat.

157 1113 353 1189 Absumit
381 1113 562 1187 coniunx
590 1113 802 1211 ingentem
831 1111 1007 1212 prodiga
1035 1136 1207 1187 censum

264 1221 350 1294 Nec
378 1220 574 1319 prohibes
603 1226 676 1294 aut
702 1244 805 1294 voce
835 1243 1007 1294 coerces.

158 1327 356 1425 Agrestes
384 1327 562 1400 reddunt
591 1351 759 1400 exosum
787 1324 984 1425 principis
1013 1323 1109 1400 aula

265 1433 323 1506 Te
352 1458 485 1507 mores
515 1440 558 1508 et
586 1432 802 1532 splendida
830 1456 993 1531 pompa.

157 1539 323 1638 Egregii
353 1539 518 1637 fugirmt
547 1539 668 1630 cives,
699 1539 796 1613 dum
825 1538 990 1614 moenia
1015 1537 1176 1629 lustras,

266 1647 323 1724 Ut
349 1645 543 1744 tigridem
573 1670 823 1744 saevumque
851 1646 1026 1721 leonem.
1412 1695 1423 1734 ⁸

159 1753 270 1825 Dum
300 1753 491 1850 loqueris,
520 1753 653 1827 ridere
683 1752 789 1826 solet
815 1758 857 1827 13
886 1751 1052 1827 subdita
1078 1753 1205 1825 turba

267 1860 301 1932 N
307 1884 352 1933 ec
382 1858 486 1934 servi
515 1861 713 1933 mandata
741 1864 943 1934 verentur.

159 1964 252 2038 Non
282 1967 432 2040 molem
462 1966 602 2055 sentia,
632 1965 767 2040 alieno
798 1964 896 2039 dum
924 1989 1018 2039 aere
1046 1962 1248 2063 gravaris,

266 2072 359 2145 Non
388 2097 485 2147 arca
513 2074 751 2148 decrescere
779 2074 994 2146 nummos?

160 2179 224 2252 Tu
252 2186 394 2253 tamen
422 2180 590 2278 ingenio
619 2186 661 2253 te
688 2180 790 2253 nulli
820 2180 965 2254 cedere
995 2177 1128 2252 credis

266 2285 319 2359 Et
346 2286 508 2384 populis
537 2285 749 2384 imponere
777 2285 950 2360 frenum.

160 2391 229 2464 An
257 2392 391 2465 333313
419 2395 583 2490 plebem
612 2392 773 2491 postica
801 2392 942 2466 ludere
972 2415 1115 2482 sanna,

267 2498 345 2587 Qui
375 2499 572 2597 sapientis
601 2499 771 2573 nomina
799 2499 952 2574 iactat?

162 2604 353 2678 Dedecus
381 2607 491 2681 unde
519 2606 596 2681 tibi
626 2610 814 2681 tantum?
844 2630 949 2704 quae
980 2629 1106 2681 causa
1133 2604 1362 2680 malorum?

269 2710 450 2786 Consilio
480 2737 565 2787 11311
595 2712 754 2786 duceris
784 2713 879 2787 ullo.

164 2817 222 2891 Te
253 2818 340 2891 3313
371 2826 590 2893 3331331113
620 2820 720 2917 agie,
750 2825 793 2893 13
822 2818 1001 2893 consulis
1029 2843 1174 2892 unum:

268 2924 450 2999 Alterius
479 2926 698 3024 prudentia
728 2951 853 3000 caeca

162 3030 250 3106 Aut
279 3032 381 3122 31113,
414 3032 509 3130 11313
537 3031 913 3131 praestantissimus
943 3057 1032 3106 esse
1060 3030 1213 3104 videris

268 3137 437 3213 Arbiter
466 3140 584 3228 orbis,
613 3140 684 3213 sed
712 3140 788 3215 tibi
816 3144 990 3214 tantum
1174 3210 1177 3217 .

163 3243 226 3318 Sit
255 3244 380 3335 dives,
410 3244 520 3337 felix,
550 3271 672 3320 nemo
704 3246 781 3321 sibi
811 3244 964 3319 sufficit
990 3269 1186 3342 umquam

267 3351 354 3425 Nec
384 3352 600 3450 quisquam
629 3353 738 3451 sapit
767 3352 957 3427 omnibus
984 3350 1105 3427 horis.

161 3455 317 3554 Aspice
347 3458 545 3555 stipatum
573 3485 791 3535 numeroso
821 3459 953 3533 milite
982 3459 1184 3532 Xerxem:

269 3564 348 3637 Vix
376 3590 503 3663 parva
532 3568 681 3664 cymba
710 3566 858 3665 effugit
884 3567 1057 3641 hostem.

161 3671 318 3768 Expers
348 3673 508 3746 consilii
540 3673 667 3747 nimio
695 3672 756 3746 vis
785 3673 968 3772 pondere
998 3670 1096 3746 sidit

267 3778 320 3851 Et
349 3803 445 3852 casu
476 3780 634 3854 collidit
662 3781 822 3868 acerbe,

161 3882 272 3972 Quos
301 3886 463 3983 generis
491 3887 558 3960 vel
588 3912 712 3986 opum
739 3887 875 3961 tenuit
901 3884 1055 3960 fiducia
1082 3883 1220 3959 fallax.

266 3991 373 4065 Nam
403 3994 537 4067 solum
565 3994 664 4068 satis
695 4000 757 4067 est
785 3993 862 4068 sibi
891 4017 1055 4083 numen,

163 4095 322 4171 Cuncta
351 4101 460 4196 quod
490 4125 541 4174 ex
570 4124 658 4174 sese
687 4099 831 4196 gignit,
863 4106 1081 4174 conservat
1109 4108 1151 4173 31
1179 4107 1321 4196 auget:

267 4204 435 4281 Auxilio
464 4231 540 4281 nos
570 4232 731 4307 semper
759 4232 938 4305 egemus

723 4473 880 4481 ——..
