3164 5154
696 227 896 286 SILVARUM

377 429 518 529 Iungis
547 429 748 520 decorem,
776 453 856 527 quo
884 428 1048 504 niteant
1075 429 1211 530 magis

378 535 583 636 Oultuque
612 535 757 610 doctos
786 535 973 611 alliciant
998 560 1128 629 novo;

431 642 499 719 Sic
527 667 691 742 gemma
719 642 918 744 splendet,
949 668 1042 718 cum
1070 643 1195 743 periti

483 748 668 825 Artificis
696 773 843 825 manus
872 749 989 825 addit
1017 774 1128 826 auro.

377 893 451 969 Est
476 892 594 968 testis
623 891 774 979 Hellas,
803 891 921 967 testis
951 898 993 967 et
1023 890 1206 969 Ausonis

376 1000 464 1075 Nec
491 999 597 1074 livor
625 999 734 1073 ausit
760 998 874 1073 dicta
901 998 1165 1099 reprendere,

429 1106 519 1181 Etsi
548 1106 729 1205 maligno
760 1110 904 1206 carpat
932 1130 1013 1198 ore,

485 1211 585 1302 Quis
613 1212 724 1288 nivei
750 1213 944 1312 placuere
973 1237 1108 1288 mores

377 1354 516 1456 Atque
532 1356 643 1431 alma
652 1354 791 1430 virtus.
809 1354 1021 1430 Laudibus
1033 1354 1232 1431 accinunt

377 1463 544 1537 Dudum
574 1461 723 1537 eruditi
753 1460 850 1563 (non
878 1486 1016 1538 moror
1043 1462 1220 1562 invidos)

427 1571 661 1667 Fascesque
690 1567 939 1644 submittunt
964 1567 1096 1645 Leoni

482 1675 693 1751 Pieridum
722 1682 764 1751 et
793 1674 1006 1751 Charitum
1033 1700 1228 1777 propago.

377 1817 530 1893 Verum
559 1823 708 1917 poetae
739 1843 839 1917 quas
866 1816 1045 1893 referent
1071 1819 1159 1910 tibi,

376 1924 452 2002 Vir
469 1949 631 2023 magne,
653 1929 800 2025 grates,
829 1949 929 2023 quos
948 1925 1065 2001 labor
1085 1926 1231 2002 eximit

432 2030 638 2108 Oblivioni
668 2031 908 2106 dissecando

482 2138 660 2214 Vincula
688 2138 747 2212 nil
775 2137 1008 2214 miserantis
1037 2139 1145 2214 aevi!

376 2279 432 2372 Si,
453 2304 576 2378 quam
596 2280 818 2355 cothurnus
838 2305 921 2355 non
941 2285 1107 2380 poterat
1130 2282 1228 2358 dare

376 2385 582 2463 Soccusve
611 2386 750 2478 vitam,
779 2413 889 2462 nunc
920 2386 1090 2487 capiunt
1118 2390 1200 2465 tuis

428 2493 562 2568 Libris
589 2493 764 2594 probati,
793 2493 879 2568 iure
907 2518 1035 2568 nexos

482 2601 735 2699 Perpetuum
763 2625 857 2674 aere
885 2606 956 2675 tuo
985 2598 1179 2675 fatentur.

375 2741 496 2817 Laeti
526 2768 622 2841 ergo
651 2748 769 2817 tanto
799 2742 978 2833 vindice,
1008 2742 1139 2840 gloria

378 2848 572 2924 Gaudent
598 2848 790 2924 honorati
820 2855 861 2924 et
890 2850 1014 2924 decus
1038 2849 1227 2925 ambiunt

429 2956 607 3053 Augere,
637 2955 671 3030 si
703 2955 872 3056 possint,
901 2956 1053 3031 Leonis

483 3061 548 3138 Ac
575 3062 720 3162 Pyliae
748 3087 940 3138 numeros
968 3068 1171 3138 senectae.

754 3415 850 3480 XIV.

528 3559 798 3637 SOLITUDO
827 3559 1071 3636 AMANDA.

325 3714 359 3791 Ο
391 3716 568 3791 solitudo
598 3717 738 3809 dulciS,
770 3718 969 3808 amabilia
1291 3731 1341 3788 fol.
1357 3734 1406 3789 se*

324 3824 505 3901 Umbrae
533 3825 679 3899 beatae
708 3823 919 3899 frondibus
948 3826 1150 3918 arborum,

380 3928 469 4019 Quo
499 3930 691 4006 Phoebus
720 3931 830 4005 haud
858 3955 1054 4031 umquam
1081 3931 1331 4032 propinquat

434 4037 471 4112 N
475 4063 522 4112 ec
551 4037 695 4112 calidis
723 4038 849 4112 radiis
878 4037 1039 4112 adurit!

324 4178 406 4254 Hic
434 4179 637 4254 montium
666 4180 773 4254 inter
801 4181 912 4256 celsa
940 4179 1157 4256 cacumina

322 4286 376 4360 Et
402 4285 564 4385 rupium
591 4285 760 4385 fastigia
789 4288 909 4362 devia

376 4390 536 4467 Attollo
565 4393 735 4485 vultum,
766 4394 863 4468 dum
890 4401 1103 4492 potentem

431 4500 479 4572 In
508 4524 602 4574 mea
628 4508 725 4575 vota
752 4526 854 4575 voco
884 4502 1117 4576 Parentem.
