<?xml version="1.0" encoding="UTF-8"?>
<!DOCTYPE html PUBLIC "-//W3C//DTD XHTML 1.0 Transitional//EN"
    "http://www.w3.org/TR/xhtml1/DTD/xhtml1-transitional.dtd">
<html xmlns="http://www.w3.org/1999/xhtml" xml:lang="en" lang="en">
 <head>
  <title>
</title>
<meta http-equiv="Content-Type" content="text/html;charset=utf-8" />
  <meta name='ocr-system' content='tesseract 3.04.00' />
  <meta name='ocr-capabilities' content='ocr_page ocr_carea ocr_par ocr_line ocrx_word'/>
</head>
<body>
  <div class='ocr_page' id='page_1' title='image "./psimonrettenbac00lehngoog/psimonrettenbac00lehngoog_0529.png"; bbox 0 0 3164 5154; ppageno 0'>
   <div class='ocr_carea' id='block_1_1' title="bbox 701 226 905 282">
    <p class='ocr_par' dir='ltr' id='par_1_1' title="bbox 701 226 905 282">
     <span class='ocr_line' id='line_1_1' title="bbox 701 226 905 282; baseline -0.005 0"><span class='ocrx_word' id='word_1_1' title='bbox 701 226 905 282; x_wconf 84' lang='lat' dir='ltr'><strong>SILVARUM</strong></span> 
     </span>
    </p>
   </div>
   <div class='ocr_carea' id='block_1_2' title="bbox 374 422 1276 845">
    <p class='ocr_par' dir='ltr' id='par_1_2' title="bbox 375 422 1103 525">
     <span class='ocr_line' id='line_1_2' title="bbox 375 422 1103 525; baseline -0.005 -24"><span class='ocrx_word' id='word_1_2' title='bbox 375 428 483 525; x_wconf 77' lang='lat' dir='ltr'>Ergo</span> <span class='ocrx_word' id='word_1_3' title='bbox 511 424 632 500; x_wconf 91' lang='lat' dir='ltr'>nobis</span> <span class='ocrx_word' id='word_1_4' title='bbox 660 430 905 525; x_wconf 88' lang='lat' dir='ltr'>perpetuum</span> <span class='ocrx_word' id='word_1_5' title='bbox 932 422 1103 513; x_wconf 83' lang='lat' dir='ltr'>valebis,</span> 
     </span>
    </p>

    <p class='ocr_par' dir='ltr' id='par_1_3' title="bbox 374 528 1276 631">
     <span class='ocr_line' id='line_1_3' title="bbox 374 528 1276 631; baseline -0.008 -21"><span class='ocrx_word' id='word_1_6' title='bbox 374 532 614 624; x_wconf 79' lang='lat' dir='ltr'><strong>Reddimus,</strong></span> <span class='ocrx_word' id='word_1_7' title='bbox 645 555 751 631; x_wconf 90' lang='lat' dir='ltr'>quae</span> <span class='ocrx_word' id='word_1_8' title='bbox 779 535 875 606; x_wconf 92' lang='lat' dir='ltr'>sunt</span> <span class='ocrx_word' id='word_1_9' title='bbox 901 535 983 620; x_wconf 87' lang='lat' dir='ltr'>tua,</span> <span class='ocrx_word' id='word_1_10' title='bbox 1012 528 1276 606; x_wconf 86' lang='lat' dir='ltr'>Cosmotime:</span> 
     </span>
    </p>

    <p class='ocr_par' dir='ltr' id='par_1_4' title="bbox 375 635 1139 845">
     <span class='ocr_line' id='line_1_4' title="bbox 375 635 1139 737; baseline -0.008 -19"><span class='ocrx_word' id='word_1_11' title='bbox 375 638 576 718; x_wconf 84' lang='lat' dir='ltr'>Lacrimis</span> <span class='ocrx_word' id='word_1_12' title='bbox 605 663 746 737; x_wconf 89' lang='lat' dir='ltr'>mergo</span> <span class='ocrx_word' id='word_1_13' title='bbox 774 645 935 712; x_wconf 90' lang='lat' dir='ltr'>veteres</span> <span class='ocrx_word' id='word_1_14' title='bbox 963 635 1139 727; x_wconf 86' lang='lat' dir='ltr'>favillas,</span> 
     </span>
     <span class='ocr_line' id='line_1_5' title="bbox 483 744 853 845; baseline -0.014 -22"><span class='ocrx_word' id='word_1_15' title='bbox 483 746 627 823; x_wconf 82' lang='lat' dir='ltr'>Gondo</span> <span class='ocrx_word' id='word_1_16' title='bbox 657 744 853 845; x_wconf 90' lang='lat' dir='ltr'>sepulcro.</span> 
     </span>
    </p>
   </div>
   <div class='ocr_carea' id='block_1_3' title="bbox 376 887 1230 1286">
    <p class='ocr_par' dir='ltr' id='par_1_5' title="bbox 377 887 1230 986">
     <span class='ocr_line' id='line_1_6' title="bbox 377 887 1230 986; baseline -0.006 -20"><span class='ocrx_word' id='word_1_17' title='bbox 377 891 469 965; x_wconf 92' lang='lat' dir='ltr'>Hoc</span> <span class='ocrx_word' id='word_1_18' title='bbox 496 897 638 966; x_wconf 90' lang='lat' dir='ltr'>tamen</span> <span class='ocrx_word' id='word_1_19' title='bbox 667 913 834 964; x_wconf 87' lang='lat' dir='ltr'>carmen</span> <span class='ocrx_word' id='word_1_20' title='bbox 861 888 1022 963; x_wconf 91' lang='lat' dir='ltr'>tumulo</span> <span class='ocrx_word' id='word_1_21' title='bbox 1050 887 1230 986; x_wconf 86' lang='lat' dir='ltr'>legetur:</span> 
     </span>
    </p>

    <p class='ocr_par' dir='ltr' id='par_1_6' title="bbox 376 993 1225 1094">
     <span class='ocr_line' id='line_1_7' title="bbox 376 993 1225 1094; baseline -0.002 -22"><span class='ocrx_word' id='word_1_22' title='bbox 376 997 457 1073; x_wconf 88' lang='lat' dir='ltr'>Hic</span> <span class='ocrx_word' id='word_1_23' title='bbox 487 995 577 1073; x_wconf 86' lang='lat' dir='ltr'>face</span> <span class='ocrx_word' id='word_1_24' title='bbox 606 994 794 1085; x_wconf 73' lang='lat' dir='ltr'>extincta</span> <span class='ocrx_word' id='word_1_25' title='bbox 822 994 924 1071; x_wconf 89' lang='lat' dir='ltr'>situs</span> <span class='ocrx_word' id='word_1_26' title='bbox 953 1001 1017 1071; x_wconf 87' lang='lat' dir='ltr'>est</span> <span class='ocrx_word' id='word_1_27' title='bbox 1044 993 1225 1094; x_wconf 82' lang='lat' dir='ltr'>Cupid03</span> 
     </span>
    </p>

    <p class='ocr_par' dir='ltr' id='par_1_7' title="bbox 379 1102 1105 1286">
     <span class='ocr_line' id='line_1_8' title="bbox 379 1102 1105 1204; baseline -0.004 -25"><span class='ocrx_word' id='word_1_28' title='bbox 379 1103 556 1204; x_wconf 84' lang='lat' dir='ltr'>Spiculis</span> <span class='ocrx_word' id='word_1_29' title='bbox 583 1102 714 1202; x_wconf 88' lang='lat' dir='ltr'>ruptis</span> <span class='ocrx_word' id='word_1_30' title='bbox 741 1103 881 1203; x_wconf 85' lang='lat' dir='ltr'>posita</span> <span class='ocrx_word' id='word_1_31' title='bbox 906 1103 1105 1202; x_wconf 87' lang='lat' dir='ltr'>pharetra</span> 
     </span>
     <span class='ocr_line' id='line_1_9' title="bbox 484 1209 842 1286; baseline -0.003 -1"><span class='ocrx_word' id='word_1_32' title='bbox 484 1210 669 1286; x_wconf 89' lang='lat' dir='ltr'>Laedere</span> <span class='ocrx_word' id='word_1_33' title='bbox 697 1209 842 1285; x_wconf 91' lang='lat' dir='ltr'>nescit.</span> 
     </span>
    </p>
   </div>
   <div class='ocr_carea' id='block_1_4' title="bbox 519 1545 1098 1787">
    <p class='ocr_par' dir='ltr' id='par_1_8' title="bbox 519 1545 1098 1787">
     <span class='ocr_line' id='line_1_10' title="bbox 755 1545 854 1612; baseline 0.02 -2"><span class='ocrx_word' id='word_1_34' title='bbox 755 1545 854 1612; x_wconf 86' lang='lat' dir='ltr'><strong>XXI.</strong></span> 
     </span>
     <span class='ocr_line' id='line_1_11' title="bbox 519 1705 1098 1787; baseline -0.012 -1"><span class='ocrx_word' id='word_1_35' title='bbox 519 1707 647 1787; x_wconf 91' lang='lat' dir='ltr'>SPES</span> <span class='ocrx_word' id='word_1_36' title='bbox 674 1707 878 1786; x_wconf 92' lang='lat' dir='ltr'>INGENS</span> <span class='ocrx_word' id='word_1_37' title='bbox 906 1705 1098 1784; x_wconf 86' lang='lat' dir='ltr'><strong>POENA.</strong></span> 
     </span>
    </p>
   </div>
   <div class='ocr_carea' id='block_1_5' title="bbox 379 1866 1406 2264">
    <p class='ocr_par' dir='ltr' id='par_1_9' title="bbox 379 1866 1406 2157">
     <span class='ocr_line' id='line_1_12' title="bbox 379 1866 1406 1966; baseline -0.002 -25"><span class='ocrx_word' id='word_1_38' title='bbox 379 1868 442 1943; x_wconf 92' lang='lat' dir='ltr'>Ite</span> <span class='ocrx_word' id='word_1_39' title='bbox 471 1892 563 1966; x_wconf 91' lang='lat' dir='ltr'>spes</span> <span class='ocrx_word' id='word_1_40' title='bbox 592 1868 783 1958; x_wconf 87' lang='lat' dir='ltr'>mendax,</span> <span class='ocrx_word' id='word_1_41' title='bbox 813 1866 1009 1943; x_wconf 88' lang='lat' dir='ltr'>timeret</span> <span class='ocrx_word' id='word_1_42' title='bbox 1037 1866 1199 1966; x_wconf 88' lang='lat' dir='ltr'>cupido,</span> <span class='ocrx_word' id='word_1_43' title='bbox 1279 1881 1327 1935; x_wconf 76' lang='lat' dir='ltr'>fol.</span> <span class='ocrx_word' id='word_1_44' title='bbox 1345 1882 1406 1936; x_wconf 75' lang='lat' dir='ltr'>us·</span> 
     </span>
     <span class='ocr_line' id='line_1_13' title="bbox 380 1973 1168 2075; baseline 0 -27"><span class='ocrx_word' id='word_1_45' title='bbox 380 1973 565 2050; x_wconf 82' lang='lat' dir='ltr'><strong>Aedibus</strong></span> <span class='ocrx_word' id='word_1_46' title='bbox 593 1974 746 2050; x_wconf 89' lang='lat' dir='ltr'>nostris</span> <span class='ocrx_word' id='word_1_47' title='bbox 773 1974 918 2075; x_wconf 92' lang='lat' dir='ltr'>procul</span> <span class='ocrx_word' id='word_1_48' title='bbox 947 1974 1168 2073; x_wconf 85' lang='lat' dir='ltr'>emigrate:</span> 
     </span>
     <span class='ocr_line' id='line_1_14' title="bbox 379 2081 1124 2157; baseline -0.003 -1"><span class='ocrx_word' id='word_1_49' title='bbox 379 2081 469 2157; x_wconf 85' lang='lat' dir='ltr'>Pax</span> <span class='ocrx_word' id='word_1_50' title='bbox 496 2090 612 2156; x_wconf 86' lang='lat' dir='ltr'>amat</span> <span class='ocrx_word' id='word_1_51' title='bbox 638 2088 729 2156; x_wconf 92' lang='lat' dir='ltr'>tuto</span> <span class='ocrx_word' id='word_1_52' title='bbox 759 2081 951 2157; x_wconf 90' lang='lat' dir='ltr'>stabilem</span> <span class='ocrx_word' id='word_1_53' title='bbox 982 2082 1124 2157; x_wconf 89' lang='lat' dir='ltr'>locare</span> 
     </span>
    </p>

    <p class='ocr_par' dir='ltr' id='par_1_10' title="bbox 486 2187 844 2264">
     <span class='ocr_line' id='line_1_15' title="bbox 486 2187 844 2264; baseline 0.006 -2"><span class='ocrx_word' id='word_1_54' title='bbox 486 2187 663 2263; x_wconf 78' lang='lat' dir='ltr'>Pectore</span> <span class='ocrx_word' id='word_1_55' title='bbox 692 2189 844 2264; x_wconf 88' lang='lat' dir='ltr'>sedem.</span> 
     </span>
    </p>
   </div>
   <div class='ocr_carea' id='block_1_6' title="bbox 380 2328 1235 2727">
    <p class='ocr_par' dir='ltr' id='par_1_11' title="bbox 380 2328 1046 2429">
     <span class='ocr_line' id='line_1_16' title="bbox 380 2328 1046 2429; baseline -0.002 -26"><span class='ocrx_word' id='word_1_56' title='bbox 380 2330 522 2404; x_wconf 82' lang='lat' dir='ltr'>Monte</span> <span class='ocrx_word' id='word_1_57' title='bbox 552 2329 715 2405; x_wconf 86' lang='lat' dir='ltr'>sublimi</span> <span class='ocrx_word' id='word_1_58' title='bbox 743 2328 883 2429; x_wconf 77' lang='lat' dir='ltr'>posuit</span> <span class='ocrx_word' id='word_1_59' title='bbox 911 2328 1046 2405; x_wconf 84' lang='lat' dir='ltr'>cubile</span> 
     </span>
    </p>

    <p class='ocr_par' dir='ltr' id='par_1_12' title="bbox 380 2434 1205 2536">
     <span class='ocr_line' id='line_1_17' title="bbox 380 2434 1205 2536; baseline -0.004 -24"><span class='ocrx_word' id='word_1_60' title='bbox 380 2436 502 2513; x_wconf 88' lang='lat' dir='ltr'>Vana</span> <span class='ocrx_word' id='word_1_61' title='bbox 529 2460 642 2535; x_wconf 92' lang='lat' dir='ltr'>spes:</span> <span class='ocrx_word' id='word_1_62' title='bbox 673 2434 811 2512; x_wconf 78' lang='lat' dir='ltr'>tristes</span> <span class='ocrx_word' id='word_1_63' title='bbox 840 2435 1004 2536; x_wconf 85' lang='lat' dir='ltr'>agitant</span> <span class='ocrx_word' id='word_1_64' title='bbox 1030 2434 1205 2525; x_wconf 90' lang='lat' dir='ltr'>labores,</span> 
     </span>
    </p>

    <p class='ocr_par' dir='ltr' id='par_1_13' title="bbox 381 2541 1235 2727">
     <span class='ocr_line' id='line_1_18' title="bbox 381 2541 1235 2643; baseline -0.001 -26"><span class='ocrx_word' id='word_1_65' title='bbox 381 2541 580 2643; x_wconf 84' lang='lat' dir='ltr'>Sisyphus</span> <span class='ocrx_word' id='word_1_66' title='bbox 609 2567 771 2643; x_wconf 88' lang='lat' dir='ltr'>semper</span> <span class='ocrx_word' id='word_1_67' title='bbox 797 2544 906 2642; x_wconf 85' lang='lat' dir='ltr'>gerit</span> <span class='ocrx_word' id='word_1_68' title='bbox 936 2544 1017 2618; x_wconf 90' lang='lat' dir='ltr'>huc</span> <span class='ocrx_word' id='word_1_69' title='bbox 1043 2542 1235 2618; x_wconf 87' lang='lat' dir='ltr'>relabens</span> 
     </span>
     <span class='ocr_line' id='line_1_19' title="bbox 464 2649 864 2727; baseline 0 -3"><span class='ocrx_word' id='word_1_70' title='bbox 464 2649 678 2725; x_wconf 84' lang='lat' dir='ltr'>&#39;Pondere</span> <span class='ocrx_word' id='word_1_71' title='bbox 708 2674 864 2727; x_wconf 86' lang='lat' dir='ltr'>saxum.</span> 
     </span>
    </p>
   </div>
   <div class='ocr_carea' id='block_1_7' title="bbox 381 2789 1178 3212">
    <p class='ocr_par' dir='ltr' id='par_1_14' title="bbox 381 2789 1178 2892">
     <span class='ocr_line' id='line_1_20' title="bbox 381 2789 1178 2892; baseline -0.001 -27"><span class='ocrx_word' id='word_1_72' title='bbox 381 2791 575 2892; x_wconf 83' lang='lat' dir='ltr'>Explicat</span> <span class='ocrx_word' id='word_1_73' title='bbox 601 2816 759 2891; x_wconf 90' lang='lat' dir='ltr'>pennas</span> <span class='ocrx_word' id='word_1_74' title='bbox 788 2790 845 2866; x_wconf 93' lang='lat' dir='ltr'>ibi</span> <span class='ocrx_word' id='word_1_75' title='bbox 874 2789 1026 2867; x_wconf 91' lang='lat' dir='ltr'>mentis</span> <span class='ocrx_word' id='word_1_76' title='bbox 1055 2791 1178 2865; x_wconf 89' lang='lat' dir='ltr'>ardor</span> 
     </span>
    </p>

    <p class='ocr_par' dir='ltr' id='par_1_15' title="bbox 381 2897 1151 2996">
     <span class='ocr_line' id='line_1_21' title="bbox 381 2897 1151 2996; baseline 0 -24"><span class='ocrx_word' id='word_1_77' title='bbox 381 2900 436 2974; x_wconf 83' lang='lat' dir='ltr'>Et</span> <span class='ocrx_word' id='word_1_78' title='bbox 466 2923 598 2972; x_wconf 90' lang='lat' dir='ltr'>novus</span> <span class='ocrx_word' id='word_1_79' title='bbox 629 2897 762 2974; x_wconf 91' lang='lat' dir='ltr'>credit</span> <span class='ocrx_word' id='word_1_80' title='bbox 789 2897 935 2996; x_wconf 78' lang='lat' dir='ltr'>Tityus</span> <span class='ocrx_word' id='word_1_81' title='bbox 963 2898 1151 2973; x_wconf 89' lang='lat' dir='ltr'>volucres</span> 
     </span>
    </p>

    <p class='ocr_par' dir='ltr' id='par_1_16' title="bbox 381 3003 1090 3212">
     <span class='ocr_line' id='line_1_22' title="bbox 381 3003 1090 3104; baseline 0 -25"><span class='ocrx_word' id='word_1_82' title='bbox 381 3005 511 3081; x_wconf 89' lang='lat' dir='ltr'>Posse</span> <span class='ocrx_word' id='word_1_83' title='bbox 540 3004 735 3104; x_wconf 84' lang='lat' dir='ltr'>discerpti</span> <span class='ocrx_word' id='word_1_84' title='bbox 764 3003 914 3081; x_wconf 86' lang='lat' dir='ltr'>satiare</span> <span class='ocrx_word' id='word_1_85' title='bbox 944 3004 1090 3096; x_wconf 85' lang='lat' dir='ltr'>cordis,</span> 
     </span>
     <span class='ocr_line' id='line_1_23' title="bbox 487 3111 863 3212; baseline -0.003 -26"><span class='ocrx_word' id='word_1_86' title='bbox 487 3111 674 3187; x_wconf 78' lang='lat' dir='ltr'>Flectere</span> <span class='ocrx_word' id='word_1_87' title='bbox 706 3112 863 3212; x_wconf 87' lang='lat' dir='ltr'>plagas.</span> 
     </span>
    </p>
   </div>
   <div class='ocr_carea' id='block_1_8' title="bbox 380 3251 1181 3647">
    <p class='ocr_par' dir='ltr' id='par_1_17' title="bbox 380 3251 1165 3328">
     <span class='ocr_line' id='line_1_24' title="bbox 380 3251 1165 3328; baseline -0.003 0"><span class='ocrx_word' id='word_1_88' title='bbox 380 3254 518 3328; x_wconf 85' lang='lat' dir='ltr'>Labra</span> <span class='ocrx_word' id='word_1_89' title='bbox 547 3251 746 3327; x_wconf 88' lang='lat' dir='ltr'>distendit</span> <span class='ocrx_word' id='word_1_90' title='bbox 774 3251 917 3328; x_wconf 90' lang='lat' dir='ltr'>sitiens</span> <span class='ocrx_word' id='word_1_91' title='bbox 946 3252 1000 3328; x_wconf 95' lang='lat' dir='ltr'>ad</span> <span class='ocrx_word' id='word_1_92' title='bbox 1031 3251 1165 3328; x_wconf 84' lang='lat' dir='ltr'>undas</span> 
     </span>
    </p>

    <p class='ocr_par' dir='ltr' id='par_1_18' title="bbox 384 3358 1181 3458">
     <span class='ocr_line' id='line_1_25' title="bbox 384 3358 1181 3458; baseline 0 -25"><span class='ocrx_word' id='word_1_93' title='bbox 384 3359 585 3434; x_wconf 80' lang='lat' dir='ltr'>Tantalus</span> <span class='ocrx_word' id='word_1_94' title='bbox 614 3359 721 3434; x_wconf 89' lang='lat' dir='ltr'>siout</span> <span class='ocrx_word' id='word_1_95' title='bbox 749 3358 906 3458; x_wconf 86' lang='lat' dir='ltr'>Stygiis</span> <span class='ocrx_word' id='word_1_96' title='bbox 935 3360 1009 3434; x_wconf 91' lang='lat' dir='ltr'>sub</span> <span class='ocrx_word' id='word_1_97' title='bbox 1039 3358 1181 3453; x_wconf 83' lang='lat' dir='ltr'>antris,</span> 
     </span>
    </p>

    <p class='ocr_par' dir='ltr' id='par_1_19' title="bbox 383 3464 1083 3647">
     <span class='ocr_line' id='line_1_26' title="bbox 383 3464 1083 3566; baseline 0.001 -26"><span class='ocrx_word' id='word_1_98' title='bbox 383 3465 534 3541; x_wconf 80' lang='lat' dir='ltr'>Aridus</span> <span class='ocrx_word' id='word_1_99' title='bbox 562 3464 701 3542; x_wconf 86' lang='lat' dir='ltr'>fauces</span> <span class='ocrx_word' id='word_1_100' title='bbox 728 3465 874 3566; x_wconf 89' lang='lat' dir='ltr'>nequit</span> <span class='ocrx_word' id='word_1_101' title='bbox 902 3465 1083 3565; x_wconf 79' lang='lat' dir='ltr'>irrigare,</span> 
     </span>
     <span class='ocr_line' id='line_1_27' title="bbox 489 3572 899 3647; baseline 0 0"><span class='ocrx_word' id='word_1_102' title='bbox 489 3572 651 3647; x_wconf 90' lang='lat' dir='ltr'>Pellere</span> <span class='ocrx_word' id='word_1_103' title='bbox 678 3573 899 3647; x_wconf 83' lang='lat' dir='ltr'>flammam.</span> 
     </span>
    </p>
   </div>
   <div class='ocr_carea' id='block_1_9' title="bbox 382 3711 1182 4108">
    <p class='ocr_par' dir='ltr' id='par_1_20' title="bbox 383 3711 1172 3813">
     <span class='ocr_line' id='line_1_28' title="bbox 383 3711 1172 3813; baseline -0.005 -23"><span class='ocrx_word' id='word_1_104' title='bbox 383 3713 567 3790; x_wconf 87' lang='lat' dir='ltr'>Fabulae</span> <span class='ocrx_word' id='word_1_105' title='bbox 596 3720 692 3789; x_wconf 91' lang='lat' dir='ltr'>sunt</span> <span class='ocrx_word' id='word_1_106' title='bbox 718 3714 816 3789; x_wconf 90' lang='lat' dir='ltr'>hae:</span> <span class='ocrx_word' id='word_1_107' title='bbox 847 3712 1039 3813; x_wconf 85' lang='lat' dir='ltr'>graviora</span> <span class='ocrx_word' id='word_1_108' title='bbox 1065 3711 1172 3788; x_wconf 86' lang='lat' dir='ltr'>ferre</span> 
     </span>
    </p>

    <p class='ocr_par' dir='ltr' id='par_1_21' title="bbox 385 3819 1174 3920">
     <span class='ocr_line' id='line_1_29' title="bbox 385 3819 1174 3920; baseline -0.003 -25"><span class='ocrx_word' id='word_1_109' title='bbox 385 3821 568 3920; x_wconf 82' lang='lat' dir='ltr'>Cogitur,</span> <span class='ocrx_word' id='word_1_110' title='bbox 599 3820 846 3920; x_wconf 88' lang='lat' dir='ltr'>quicumque</span> <span class='ocrx_word' id='word_1_111' title='bbox 875 3820 962 3920; x_wconf 90' lang='lat' dir='ltr'>spei</span> <span class='ocrx_word' id='word_1_112' title='bbox 991 3819 1174 3919; x_wconf 87' lang='lat' dir='ltr'>quietem</span> 
     </span>
    </p>

    <p class='ocr_par' dir='ltr' id='par_1_22' title="bbox 382 3925 1182 4108">
     <span class='ocr_line' id='line_1_30' title="bbox 382 3925 1182 4030; baseline -0.001 -27"><span class='ocrx_word' id='word_1_113' title='bbox 382 3929 431 4003; x_wconf 89' lang='lat' dir='ltr'>In</span> <span class='ocrx_word' id='word_1_114' title='bbox 459 3927 551 4002; x_wconf 89' lang='lat' dir='ltr'>sinu</span> <span class='ocrx_word' id='word_1_115' title='bbox 580 3926 753 4027; x_wconf 86' lang='lat' dir='ltr'>quaerit:</span> <span class='ocrx_word' id='word_1_116' title='bbox 783 3928 956 4030; x_wconf 89' lang='lat' dir='ltr'>strepitu</span> <span class='ocrx_word' id='word_1_117' title='bbox 985 3925 1182 4027; x_wconf 86' lang='lat' dir='ltr'>pavescit,</span> 
     </span>
     <span class='ocr_line' id='line_1_31' title="bbox 491 4033 829 4108; baseline -0.003 0"><span class='ocrx_word' id='word_1_118' title='bbox 491 4033 653 4108; x_wconf 89' lang='lat' dir='ltr'>Dividit</span> <span class='ocrx_word' id='word_1_119' title='bbox 680 4039 829 4108; x_wconf 87' lang='lat' dir='ltr'>aestus.</span> 
     </span>
    </p>
   </div>
   <div class='ocr_carea' id='block_1_10' title="bbox 382 4174 1252 4489">
    <p class='ocr_par' dir='ltr' id='par_1_23' title="bbox 382 4174 1252 4489">
     <span class='ocr_line' id='line_1_32' title="bbox 382 4174 1252 4275; baseline -0.003 -23"><span class='ocrx_word' id='word_1_120' title='bbox 382 4177 496 4252; x_wconf 90' lang='lat' dir='ltr'>Heu!</span> <span class='ocrx_word' id='word_1_121' title='bbox 531 4176 621 4275; x_wconf 90' lang='lat' dir='ltr'>quis</span> <span class='ocrx_word' id='word_1_122' title='bbox 653 4176 697 4249; x_wconf 91' lang='lat' dir='ltr'>in</span> <span class='ocrx_word' id='word_1_123' title='bbox 730 4176 857 4252; x_wconf 88' lang='lat' dir='ltr'>tantis</span> <span class='ocrx_word' id='word_1_124' title='bbox 886 4174 1025 4250; x_wconf 89' lang='lat' dir='ltr'>animo</span> <span class='ocrx_word' id='word_1_125' title='bbox 1059 4174 1252 4274; x_wconf 89' lang='lat' dir='ltr'>procellis</span> 
     </span>
     <span class='ocr_line' id='line_1_33' title="bbox 382 4282 1170 4379; baseline -0.004 -21"><span class='ocrx_word' id='word_1_126' title='bbox 382 4283 510 4358; x_wconf 83' lang='lat' dir='ltr'>Fidus</span> <span class='ocrx_word' id='word_1_127' title='bbox 540 4284 735 4358; x_wconf 76' lang='lat' dir='ltr'>assistet?</span> <span class='ocrx_word' id='word_1_128' title='bbox 789 4282 912 4358; x_wconf 87' lang='lat' dir='ltr'>Ratio</span> <span class='ocrx_word' id='word_1_129' title='bbox 945 4285 1170 4379; x_wconf 85' lang='lat' dir='ltr'>gubernet:</span> 
     </span>
     <span class='ocr_line' id='line_1_34' title="bbox 386 4388 1219 4489; baseline -0.004 -24"><span class='ocrx_word' id='word_1_130' title='bbox 386 4390 465 4480; x_wconf 82' lang='lat' dir='ltr'>Qui</span> <span class='ocrx_word' id='word_1_131' title='bbox 501 4389 607 4464; x_wconf 91' lang='lat' dir='ltr'>nihil</span> <span class='ocrx_word' id='word_1_132' title='bbox 640 4396 789 4488; x_wconf 85' lang='lat' dir='ltr'>sperat,</span> <span class='ocrx_word' id='word_1_133' title='bbox 824 4389 976 4464; x_wconf 92' lang='lat' dir='ltr'>metuit</span> <span class='ocrx_word' id='word_1_134' title='bbox 1009 4388 1219 4489; x_wconf 83' lang='lat' dir='ltr'>cupitque,</span> 
     </span>
    </p>
   </div>
   <div class='ocr_carea' id='block_1_11' title="bbox 493 4497 879 4596">
    <p class='ocr_par' dir='ltr' id='par_1_24' title="bbox 493 4497 879 4596">
     <span class='ocr_line' id='line_1_35' title="bbox 493 4497 879 4596; baseline -0.008 -24"><span class='ocrx_word' id='word_1_135' title='bbox 493 4498 659 4596; x_wconf 86' lang='lat' dir='ltr'>Regnat</span> <span class='ocrx_word' id='word_1_136' title='bbox 693 4497 879 4596; x_wconf 89' lang='lat' dir='ltr'>Olympo.</span> 
     </span>
    </p>
   </div>
   <div class='ocr_carea' id='block_1_12' title="bbox 0 0 1591 5154">
    <p class='ocr_par' dir='ltr' id='par_1_25' title="bbox 0 0 1591 5154">
     <span class='ocr_line' id='line_1_36' title="bbox 0 0 1591 5154; baseline 0 0"><span class='ocrx_word' id='word_1_137' title='bbox 0 0 1591 5154; x_wconf 95' lang='lat' dir='ltr'> </span> 
     </span>
    </p>
   </div>
  </div>
 </body>
</html>
