3164 5154
705 223 913 281 SILVARUM

381 425 516 516 Quam.
544 425 674 526 turpis
702 423 916 500 iracundia
943 421 1139 523 principi!

379 532 512 623 Quam
540 530 663 608 foeda
691 531 873 631 corrupti
900 535 1003 606 nota
1031 529 1201 605 iudicis!

434 640 566 731 Quam
594 639 712 714 triste
739 639 894 713 bellum
923 637 1077 712 exarsit
1105 637 1220 712 inter

486 746 707 822 Aeneadas
735 745 982 845 Tyriamque
1011 749 1204 843 gentem!

381 942 456 1016 Est
481 941 615 1041 prima
643 941 757 1040 origo
787 940 972 1016 cladibus
1001 939 1196 1015 omnibus

382 1048 519 1125 Motus
547 1047 696 1123 ferocis
723 1047 915 1147 pectoris,
945 1047 1147 1121 arbitrum

438 1154 557 1246 Quod
585 1153 691 1230 ferre
717 1154 862 1245 nescit,
891 1154 982 1230 iura
1009 1154 1171 1254 spernit

489 1263 543 1337 Et
570 1262 647 1338 sibi
676 1261 830 1361 scripta
858 1261 965 1336 solet
990 1285 1160 1360 negare.

383 1457 508 1532 Dirus
536 1455 701 1555 tyranni
730 1455 934 1556 promicat
960 1455 1058 1530 hinc
1086 1453 1211 1546 furor,

386 1563 466 1654 Qui
494 1563 643 1638 miscet
672 1565 813 1638 orbem
841 1561 1035 1638 caedibus
1063 1562 1274 1662 impotens

437 1672 618 1746 Frenare
645 1676 836 1761 mentem,
863 1669 1031 1744 flamma
1060 1693 1185 1744 saevo

494 1776 570 1852 Cui
599 1778 717 1852 sedet
744 1775 965 1852 ambitiosa
993 1775 1130 1852 corde.

387 1976 568 2049 Decreta
596 1998 719 2073 quam
748 1979 843 2048 sunt
871 1970 1014 2048 suavia
1041 1972 1238 2072 porticus,

386 2080 544 2157 Radice
573 2082 623 2154 ab
653 2079 738 2154 ima
766 2104 870 2178 quae
898 2078 1108 2178 perimunt
1133 2077 1264 2155 nefas:

440 2189 498 2266 Ut
525 2212 630 2286 pace
658 2188 852 2262 mortales
879 2184 1084 2277 fruantur,

494 2292 681 2393 Ancipiti
710 2293 820 2369 haud
848 2293 1058 2391 agitentur
1086 2299 1214 2367 aestu.

733 3141 888 3206 XXXII.

370 3393 604 3471 PROFANl
633 3394 793 3472 REGIS
822 3393 1038 3470 lNFELIX
1064 3392 1266 3471 TUMOR.

392 3643 552 3718 Diceris
579 3642 769 3742 Magnus,
800 3642 943 3717 sedes
973 3643 1070 3716 orbe
1098 3647 1187 3717 toto
1236 3711 1240 3720 ,
1289 3650 1406 3706 fol-12⁹³

393 3751 548 3825 Parvus
580 3757 622 3824 et
648 3753 768 3825 rebus
797 3749 931 3825 dubiis
960 3754 1143 3824 onustus:

393 3858 563 3933 Artibus
591 3865 713 3932 notus
740 3856 914 3930 nimium
944 3854 1095 3932 dolosis

499 3965 643 4040 Martis
671 3963 812 4064 iniqui.

392 4161 559 4235 Excitas
586 4161 700 4234 nulla
727 4159 887 4235 ratione
915 4158 1081 4249 bellum,

392 4268 554 4343 Foedus
582 4266 782 4366 infringis,
812 4265 994 4366 trepidos
1023 4265 1163 4339 iuvare

393 4376 449 4452 Ut
477 4399 601 4475 queas
629 4375 810 4449 Thracas
838 4374 1007 4472 regione
1034 4378 1178 4446 nostra

500 4483 641 4557 Paene
670 4483 865 4582 repulsos
