3164 5154
176 238 239 295 114
732 227 895 282 EPODON

227 425 333 500 Nam
361 423 514 499 falleris
543 424 800 522 multumque
829 420 1028 522 deciperis
1057 429 1185 497 tuam·

332 531 642 606 Beatitudinem
671 529 739 604 hic
767 531 920 604 locans.

226 638 311 713 Nos
340 638 493 713 veritas
523 637 663 711 divina
690 635 830 711 felices
858 634 972 725 facit,

333 744 427 819 Non
456 744 619 819 culmen
648 749 721 818 aut
749 744 868 818 aulae
896 749 1044 818 tumor.

226 851 320 926 Huc
349 853 438 926 sola
465 852 595 927 virtus
625 850 740 925 ducit
768 856 810 924 et
837 848 1018 949 praefert
1044 847 1204 945 facem;

333 959 532 1034 Facessat
560 956 732 1032 ambitio
761 957 916 1056 procul,

226 1064 415 1138 Bromius
444 1064 637 1140 lacessat:
668 1063 829 1163 plenius
859 1068 1069 1163 sumptum
1097 1087 1262 1138 merum

333 1172 499 1246 Nullum
527 1174 696 1247 beatum
724 1170 911 1245 reddidit.

226 1277 409 1376 Propere
430 1303 527 1377 ergo
547 1302 709 1368 revoca,
730 1281 861 1370 turba,
891 1277 1000 1352 male
1019 1282 1186 1351 cautum
1205 1277 1392 1376 gradum!

337 1383 427 1473 Quo
458 1386 593 1460 carnis
620 1384 840 1459 illecebrae
869 1384 1062 1460 trahunt?

226 1492 289 1564 En
317 1491 516 1566 aeviterni
544 1490 724 1567 numinis
754 1491 866 1566 sidus
894 1490 1039 1566 micat:

334 1597 444 1687 Quid
472 1598 609 1698 diligis
638 1597 930 1673 mendacium?

228 1703 509 1802 Caliginosam
537 1704 716 1806 pectoris
743 1707 896 1779 nubem
925 1729 1081 1796 amove,

335 1812 445 1885 Dum
474 1814 546 1887 lux
573 1812 735 1886 renidet
763 1836 899 1887 aurea.

226 1915 386 1993 Attolle
414 1920 585 2008 vultum,
614 1919 725 2016 finge
753 1925 795 1993 te
824 1918 996 2016 dignum
1024 1917 1122 1993 deo:

335 2024 444 2114 Quid
472 2025 515 2099 in
541 2032 659 2101 tuum
689 2024 861 2100 exitium
888 2024 998 2099 ruis?

792 2518 837 2583 H.

637 2711 780 2791 noca
808 2713 981 2791 Hono.
1452 2648 1455 2781 l

227 2928 286 3002 En
314 2926 460 3026 pulvis,
491 2949 544 3000 cn
571 2929 744 3025 superbe
772 2927 922 3002 vermis
949 2927 1016 3003 vel
1044 2926 1146 3004 cinis
1303 2939 1348 2997 fol.
1361 2935 1398 2994 w·

332 3033 492 3108 Educta
521 3033 679 3108 telluris
709 3033 820 3108 sinu!

226 3141 320 3214 Huc
347 3139 570 3238 perduellis
599 3139 747 3214 advola
776 3139 899 3215 celeri
927 3140 1033 3239 pede

332 3246 386 3320 Et
415 3246 576 3323 curioso
604 3246 772 3321 lumine.

226 3353 288 3426 En
317 3353 574 3428 conditorem
602 3353 736 3453 gloria
763 3359 933 3428 exutum
962 3359 1053 3429 sua!

332 3460 396 3533 En
422 3460 580 3534 nudum
609 3467 650 3535 et
679 3459 862 3536 omnium
891 3459 1099 3559 indigum!

228 3565 306 3657 Qui
329 3567 421 3641 luce
450 3567 583 3664 cingit
610 3572 734 3660 astra,
765 3566 835 3665 qui
861 3566 1033 3643 Phoebo
1062 3566 1183 3642 iubar

333 3673 570 3772 Radiosque
599 3674 728 3749 donat
755 3673 969 3772 Cynthiae,
1405 3714 1414 3753 s

227 3779 307 3871 Qui
335 3781 460 3856 vestit
488 3805 586 3856 arva
613 3779 812 3879 gramine,
842 3780 1056 3856 arboribus
1084 3805 1243 3875 nemus,

335 3888 488 3963 Hortos
518 3886 677 3963 decoris
705 3887 886 3980 floribus,

230 3993 309 4084 Qui
336 3994 512 4093 pellibus
542 3994 688 4069 amicit
713 3993 833 4086 feras,
862 3994 1012 4094 plumis
1041 4017 1148 4087 aves,

334 4102 387 4175 Et
415 4100 603 4200 aequoris
633 4101 814 4201 squamis
844 4126 1034 4200 gregem:

228 4207 291 4280 En
321 4208 465 4306 spineo
497 4208 798 4283 circumdatum
828 4208 1064 4283 diademate

336 4315 390 4388 Et
417 4314 563 4391 viliore
595 4339 785 4413 purpura.

232 4418 309 4495 Cui
337 4420 496 4519 regiam
526 4446 669 4498 omnes
698 4421 906 4521 principes
936 4422 1092 4497 debent
1118 4427 1262 4497 notam

336 4528 390 4602 Et
418 4533 586 4628 sceptra
614 4528 864 4605 submittunt
891 4554 976 4619 sua,
1405 4569 1424 4611 a
