3164 5154
597 265 671 321 LIB.
690 266 713 323 I.
731 266 848 324 35-37.

238 468 298 545 Ne
328 468 511 566 collapsa
538 473 679 542 ruant:
715 465 775 541 ita

343 576 402 649 Te
431 573 652 673 tranquilla
679 572 792 672 quies
822 578 864 647 et
890 571 1046 646 Bromii
1074 570 1217 671 liquor.

238 681 373 772 Quare
400 680 519 756 mitte
548 679 781 780 cupidinem

343 788 380 863 N
383 813 429 862 11
456 787 626 862 Plutum
653 785 822 885 trepidis
850 785 1018 861 voeibus
1047 784 1214 862 advoca.
1364 840 1392 878 20

237 894 345 969 Hine
373 900 511 969 tecum
538 892 641 968 nihil
670 891 853 968 auferes:

343 1001 431 1075 Iam
461 1001 571 1076 11111
601 998 750 1099 potius.
765 1005 932 1098 pectore
959 997 1119 1074 vixeris.

658 1404 846 1470 XXXVII.

169 1551 243 1628 AD
274 1549 579 1628 CAESAREM:
608 1548 1004 1627 AETERNITATIS
1033 1549 1371 1629 DESIDERIUM.

289 1711 382 1784 Non
409 1706 655 1807 perspicacis
682 1733 796 1783 more
825 1707 986 1808 aquilae
1014 1707 1121 1784 ferar
1257 1705 1306 1760 f0l·
1326 1708 1379 1762 16'·

289 1816 440 1891 Titana
468 1822 659 1913 spectans
687 1839 760 1914 per
795 1813 995 1914 liquidum
1023 1816 1193 1891 aethera

342 1921 597 2020 Linquamve
625 1928 755 1996 terras
785 1927 827 1996 et
855 1920 1066 1997 frementis

395 2026 597 2127 Aequoris
625 2027 847 2104 indomitas
876 2029 1086 2127 proeellas.

289 2188 441 2264 Mutari
469 2187 511 2262 in
540 2187 678 2262 album
705 2212 782 2263 nee
811 2187 929 2287 cupio
959 2188 1099 2264 alitem

289 2297 417 2372 Vates
447 2319 619 2370 canorus
646 2319 721 2393 per
746 2293 854 2368 vada
880 2294 1118 2369 fluminum:

342 2400 616 2478 Aetemitatis
645 2400 889 2476 candidatus

396 2508 607 2584 Sideream
634 2506 736 2581 mihi
763 2532 887 2606 poseo
917 2507 1087 2582 laurum.

289 2668 462 2743 Mortale
490 2691 575 2741 non
603 2673 676 2757 est,
706 2667 815 2765 quod
841 2674 949 2766 pete,
974 2667 1040 2742 vel
1067 2669 1173 2767 vagi,

291 2776 380 2866 Quo
409 2799 525 2849 mens
554 2773 730 2864 anhelat,
758 2773 889 2872 gloria
917 2774 1115 2850 nominis:

341 2883 445 2955 Post
471 2879 559 2954 fata
587 2879 684 2978 quid
711 2881 879 2979 prodest
904 2880 1038 2956 inanis

396 2989 552 3065 Umbra
578 2987 691 3061 velut
718 2986 900 3085 peritura
927 2987 1065 3062 fama?

291 3147 435 3222 Sacrae
463 3146 515 3221 ad
545 3170 657 3221 arces
685 3171 752 3221 me
781 3147 917 3245 potius
946 3148 1072 3222 vehat

291 3254 430 3329 Virtus
460 3251 606 3343 Sionis,
635 3278 701 3327 me
730 3253 870 3352 populi
897 3254 999 3329 levis

344 3359 542 3435 Seeemat
567 3359 711 3434 insano
741 3361 930 3450 tumultu,

398 3465 569 3542 Sedibus
599 3472 641 3541 et
668 3465 844 3565 Solymis
871 3473 1057 3566 reponat.

291 3624 398 3715 Quid
413 3649 538 3699 11111
551 3624 697 3700 tellus?
717 3625 814 3724 quid
829 3650 941 3701 mare
961 3625 1193 3700 turbidum?

290 3731 409 3806 Fulvi
437 3731 535 3830 quid
563 3729 650 3806 auri
679 3733 838 3830 pondus
867 3731 1035 3807 inutile?

343 3837 450 3928 Quid
477 3837 645 3936 rupibus
672 3837 830 3913 divulsa
857 3839 954 3913 Eois

398 3945 573 4019 Gemma
600 3944 724 4036 iuvat,
762 3945 957 4021 moriture
987 3946 1166 4021 Caesar?

291 4103 436 4178 Penne
463 4102 590 4179 citata
623 4129 689 4178 me
716 4128 933 4204 properum
963 4104 1060 4180 deus

290 4209 418 4286 Noxis
446 4210 636 4301 resolvet,
667 4211 852 4285 sordibus
883 4209 1053 4287 eximat:

344 4317 493 4392 Turres
523 4317 576 4391 ad
605 4318 709 4393 altas
739 4318 909 4393 evolabo

397 4424 450 4498 Et
476 4423 596 4498 niveo
627 4424 785 4499 tumulo
814 4423 1023 4500 recondar.
