3164 5154
528 242 602 297 LIB.
619 241 670 296 IV.
692 243 806 298 13-14.

182 439 310 515 Ducit
337 438 544 515 Catullum
574 440 750 514 candida
776 440 936 530 Lesbia,

182 546 376 621 Flaccum
406 548 565 622 Neaera
594 555 636 621 et
663 547 936 647 Porphyrium
967 548 1107 640 Chloe,

238 653 469 729 Cassandra
495 654 741 753 prudentem
770 655 1001 746 Theonem;

291 758 497 849 Quamdiu
525 768 570 836 at
596 760 676 837 iste
706 762 821 837 calor
848 761 1030 860 vigebit?

183 920 326 994 Tullus
356 921 529 1019 superbe
557 921 751 1018 gentibus
779 921 968 1021 imperat,

183 1025 267 1101 Aes
296 1026 410 1125 cogit
435 1026 578 1101 Ancus
607 1028 783 1103 sollicite
810 1029 934 1104 nimis

236 1132 375 1232 Atque
403 1134 541 1232 impiis
569 1135 754 1211 desaevit
781 1136 930 1211 armis:

292 1239 497 1330 Quamdiu
525 1248 643 1316 atrox
671 1243 780 1318 acies
808 1242 998 1318 resistet?

182 1401 325 1476 Poscit
351 1401 572 1476 Falernum
600 1402 682 1475 iam
711 1402 901 1477 madidus
929 1403 1132 1501 Phlegon,

183 1508 237 1582 Et
265 1507 370 1582 Chia
398 1508 523 1584 sumit
550 1509 702 1608 pocula
731 1508 933 1608 Cynthius

236 1612 485 1713 Annumque
515 1615 722 1691 consumit
749 1617 945 1711 bibendo;

292 1721 496 1812 Quamdiu
526 1729 569 1797 at
597 1722 773 1798 ebrietas
801 1724 1005 1822 placebit?

184 1881 351 1979 Crispus
380 1906 547 1956 severae
575 1882 757 1957 Palladis
787 1882 942 1958 artibus

184 1987 236 2062 Se
266 1988 403 2079 tradit,
432 1988 614 2063 Ammon
643 1989 922 2088 Thespiadum
952 1991 1077 2066 choro

236 2097 288 2169 Et
316 2095 464 2170 litteris
493 2103 535 2171 et
561 2097 693 2171 Marte
722 2097 876 2172 clarus:

291 2201 496 2291 Quamdiu
525 2203 591 2277 hic
620 2204 741 2278 ardor
769 2204 847 2279 erit
874 2203 1037 2279 suavis?

183 2361 321 2436 Nutrit
347 2362 584 2462 Philippum
613 2364 747 2461 gratia
777 2362 983 2438 Caesaris:

183 2467 249 2541 Ad
281 2469 444 2543 culmen
472 2470 602 2545 altum
629 2469 777 2545 nititur
804 2472 959 2545 arbiter

235 2576 290 2650 Et
316 2575 452 2650 tendit
479 2577 625 2651 audaci
654 2578 809 2663 volatu;

291 2681 496 2772 Quamdiu
525 2684 691 2758 honoris
720 2691 765 2758 at
792 2708 892 2758 aura
919 2682 1062 2758 flabit?

185 2839 293 2930 Quid
321 2842 464 2934 forma,
496 2844 659 2932 candor,
690 2844 788 2942 quid
817 2841 1004 2940 Cypridis
1033 2842 1170 2918 faces?

185 2946 292 3037 Quid
320 2957 494 3049 sceptra,
524 2950 693 3041 nummi,
724 2948 904 3038 divitiae,
933 2949 1072 3024 favor?

237 3055 342 3146 Quid
372 3057 467 3148 tela,
496 3058 693 3133 Bellonae
723 3056 904 3131 furores?

288 3164 449 3238 Blanda
478 3165 576 3262 quid
603 3164 813 3239 Aonidum
843 3166 1036 3239 caterva?
1267 3207 1292 3247 a

182 3321 422 3397 Mortalium
451 3324 539 3399 istis
568 3327 689 3398 turba
717 3324 925 3399 laboribus

183 3427 350 3505 Intenta
378 3455 546 3529 semper,
576 3432 685 3529 quod
713 3431 873 3505 miseris
902 3430 1070 3520 lucrum,

235 3536 447 3611 Torrentis
475 3538 606 3613 instar
635 3544 785 3613 cuncta
813 3563 954 3612 secum

289 3644 544 3744 Abripientis
574 3645 643 3719 ubi
671 3652 840 3743 repente

182 3803 318 3878 Terris
346 3805 518 3880 revellet
545 3831 654 3879 mors
684 3813 726 3879 et
753 3805 796 3878 in
825 3803 919 3880 avia

181 3908 453 3986 Aeternitatis
482 3912 604 3986 litora
633 3913 819 3998 devehet,

236 4016 486 4116 Intellegent
516 4018 679 4094 demum
710 4028 752 4093 et
780 4018 986 4107 videbunt,

267 4123 424 4214 'Quam
452 4124 576 4199 fuerit
605 4126 785 4199 studium
815 4150 934 4199 omne
963 4124 1098 4197 inane.
1267 4174 1293 4213 „
