3164 5154
655 287 658 294 .
697 235 913 292 CARMINUM

323 438 498 538 Spiritus
527 437 666 512 natale
695 437 827 511 solum
855 435 1014 536 petivit,

322 546 450 621 Astra
477 544 683 635 nimirum,
714 543 855 641 gladio
885 543 1043 617 solutus

320 650 515 752 Corporis
544 649 756 724 membris:
787 649 916 725 micat
941 648 1038 723 inde
1064 648 1179 724 sidus

428 758 560 833 Dulce
588 755 786 856 precanti.

321 917 464 994 Addat
490 917 559 992 hic
588 915 723 990 famae
752 915 940 992 stimulos
967 914 1177 1015 perennis:

321 1023 513 1100 Nobilem
542 1023 669 1097 virtus
697 1022 881 1097 anirnum
907 1028 1091 1097 coronat

323 1129 508 1205 Sustines
538 1130 737 1205 multum?
767 1129 926 1230 Cupide
953 1129 1154 1229 rependet

428 1236 620 1311 Praemia
647 1261 812 1310 numen.

773 1728 851 1794 VII.

190 1893 263 1969 AD
294 1890 584 1969 CLOELlAM:
619 1889 923 1969 SUPERBIAM
950 1891 1146 1968 NEMINI
1172 1890 1416 1971 PLACERE.

162 2053 310 2128 Erecto
338 2052 496 2128 tumide
524 2058 567 2127 te
594 2050 718 2138 tollis,
750 2049 920 2140 Cloelia,
952 2051 1068 2142 eollo,
1316 2064 1365 2120 foi
1383 2069 1424 2122 45¹·

268 2159 327 2236 Ut
356 2167 481 2259 caput
509 2159 701 2246 emineat,

162 2265 381 2341 Pulchrius
411 2273 453 2341 et
480 2273 653 2364 surgant
682 2264 833 2340 cristae
862 2263 1131 2363 compagibus
1159 2264 1256 2340 altis

271 2371 461 2447 Crinibus
492 2397 514 2446 e
542 2372 687 2448 rutilis.

163 2478 386 2578 Purpureis
414 2479 596 2555 formosa
623 2479 740 2578 genis
770 2482 981 2582 oculisque
1008 2481 1172 2573 decora,

275 2586 429 2661 Fronte
458 2586 615 2662 micans
644 2611 763 2665 rosea

166 2690 314 2766 Allicis
343 2694 536 2768 ardentes
565 2693 734 2768 iuvenes
763 2703 888 2795 atque
917 2695 1013 2794 igne
1040 2700 1216 2769 venusto

272 2799 421 2874 Saucia
450 2800 576 2875 corda
603 2798 710 2890 seris,

165 2903 418 2981 Indomitum
448 2906 557 3005 quali
586 2907 709 2982 torsit
736 2909 889 2985 Briseis
919 2907 1126 2984 Achillem

272 3012 409 3112 Rapta
436 3012 606 3087 iubente
636 3012 751 3105 duce,

165 3115 399 3217 Ambiguae
428 3119 538 3194 unde
568 3127 681 3195 ortae
710 3147 876 3221 pugnae
906 3129 948 3196 et
976 3119 1206 3196 certamina
1236 3125 1394 3195 maesta

271 3222 563 3324 Sollicitusque
591 3227 712 3302 furor.

164 3330 274 3405 Elati
304 3332 377 3407 sed
405 3358 499 3407 cum
527 3358 661 3408 mores
691 3340 933 3432 spectantur
961 3331 1112 3408 eteris

271 3438 404 3514 Triste
434 3439 711 3540 supercilium,

167 3542 354 3619 Grandia
383 3572 476 3620 cum
505 3547 695 3645 loqueris,
726 3573 820 3621 cum
848 3545 960 3621 fastu
988 3545 1112 3645 plena
1138 3542 1337 3644 superbis,

274 3650 476 3751 Spemere
505 3662 655 3729 cuncta
684 3655 806 3729 soles:
1411 3702 1431 3742 ,ς

166 3757 323 3832 Taedia
352 3759 464 3834 mille
493 3759 614 3858 paris,
644 3761 780 3835 nullus
808 3768 850 3835 te
878 3759 995 3835 novit
1022 3782 1173 3846 amare,

274 3865 438 3941 Ducere
467 3892 588 3941 nemo
619 3868 747 3968 cupit.

166 3971 394 4070 Egregium
422 3973 564 4048 foedat
591 3983 765 4049 ventosa
795 3971 988 4071 superbia
1016 3971 1177 4047 uultum

274 4077 412 4177 Atque
442 4081 603 4155 animus
632 4081 800 4180 rigidus

167 4182 288 4259 Hanc
318 4186 478 4286 depone
507 4188 633 4262 luem:
665 4190 719 4264 sit
747 4192 866 4286 grata
894 4184 1099 4261 modestia
1126 4183 1286 4274 frontis,

274 4292 425 4368 Dulcia
452 4298 579 4370 verba
606 4295 749 4371 fluant.

169 4397 257 4473 Nec
286 4404 506 4476 contemne
534 4403 656 4495 viros,
688 4426 790 4504 quos
819 4400 978 4477 irretire
1006 4402 1170 4475 laboras

277 4506 468 4607 Corporis
497 4507 716 4585 illecebris:
