3164 5154
778 1019 806 1083 Ι.

179 1234 309 1314 TUTI
337 1237 603 1315 MUSARUM
630 1237 917 1314 PRAESIDIO
947 1237 1017 1313 ET
1044 1236 1399 1316 PAUPERTATE

607 1361 751 1439 SUNT
779 1360 967 1437 VATES.

256 1555 413 1650 Aenea,
441 1566 628 1634 veterum
655 1557 786 1659 prime
816 1557 1031 1649 sodalium,
1260 1571 1310 1627 fol.
1330 1573 1401 1630 117¹·

256 1665 361 1741 Post
387 1658 533 1765 longas
562 1667 711 1742 iterum
740 1670 782 1740 te
811 1670 934 1741 teneo
963 1667 1125 1741 moras?

256 1774 406 1850 Nostro
434 1773 494 1848 nil
522 1773 661 1850 animo
691 1771 856 1850 suavius
885 1770 1053 1864 accidit,

258 1880 392 1970 Quam
422 1905 516 1955 cum
543 1880 678 1980 prisca
705 1878 823 1955 novis
851 1878 1021 1956 foedera
1047 1878 1205 1978 poculis
1402 1915 1416 1954 ι

255 1986 491 2063 instaurare
518 1987 626 2080 licet,
652 1987 865 2063 Pieridum
894 1986 1022 2062 sacris

255 2094 483 2171 Decertare
511 2094 656 2181 choris,
686 2095 826 2170 ludere
857 2094 1052 2186 carmine,

254 2202 313 2279 Ut
342 2202 550 2301 quondam
579 2201 747 2278 iuvenes
774 2200 930 2276 viribus
959 2200 1143 2301 integris,

257 2306 517 2409 Quamquam
544 2334 656 2383 nunc
685 2333 849 2408 quoque
876 2333 963 2383 non
995 2307 1164 2384 deficiat
1181 2307 1319 2408 vigor:

256 2413 339 2490 Sed
366 2421 530 2492 tentare
558 2415 661 2491 fides
690 2441 744 2491 an
773 2414 933 2491 senium
963 2415 1107 2490 decet?

256 2519 300 2597 Si
327 2523 471 2598 Musae
498 2521 676 2614 faveant,
705 2523 892 2624 experiar
919 2521 1044 2622 prius,

256 2625 366 2717 Quid
392 2630 509 2705 nervi
537 2630 704 2722 resides,
735 2630 833 2729 quid
859 2630 1000 2705 valeat
1026 2630 1127 2729 lyra,

255 2735 387 2825 Quam
416 2737 502 2812 vati
530 2738 646 2812 tenui
674 2737 745 2812 lux
772 2736 907 2813 brevis
937 2737 1112 2813 occidat.

251 2842 448 2918 Mortales
477 2843 629 2942 trepidi
658 2845 833 2944 grandia
861 2845 1026 2944 saepius

251 2948 461 3027 Molimur:
490 2950 638 3026 validis
667 2953 829 3027 arcibus
860 2951 1013 3052 oppida

252 3056 307 3132 Et
332 3057 460 3132 firmis
489 3058 682 3133 struimus
710 3057 877 3133 moenia
904 3058 1093 3150 tumibus,

251 3163 368 3239 Forti
395 3165 601 3264 praesidio
631 3165 834 3264 cingimus
863 3165 1067 3266 undique;

252 3271 396 3347 Securi
422 3278 565 3348 tamen
593 3272 705 3347 haud
732 3272 1025 3348 insidiantibus

251 3376 411 3453 Vicinis
437 3378 611 3454 nimium
641 3379 828 3478 degimus
857 3379 1057 3455 hostibus.

250 3482 325 3559 Vis
353 3485 440 3560 auri
468 3492 661 3585 penetrat
689 3493 839 3561 cuncta
865 3487 1077 3586 potentius

250 3589 343 3666 Ictu
370 3591 582 3685 fulmineo,
612 3593 702 3668 visa
729 3593 908 3692 pecunia

248 3697 509 3774 Munimenta
537 3700 683 3800 quatit,
714 3701 873 3776 subruit
900 3700 1062 3775 urbium

247 3803 549 3899 Fundamenta,
578 3807 773 3883 thronum
801 3813 960 3882 vertere
988 3808 1148 3906 regimn

249 3909 402 3988 Sollers
432 3919 475 3989 et
500 3915 678 4013 patriam
707 3915 880 4014 prodere
909 3915 1149 3990 Thracibus.

246 4016 329 4094 Ast
356 4046 446 4095 sum
475 4027 589 4098 tutus
619 4046 707 4120 ege,
735 4023 845 4098 Mars
874 4023 1018 4097 veniat
1044 4022 1144 4096 licet

246 4122 385 4224 Atque
415 4126 539 4203 armis
566 4128 735 4204 timidos
763 4136 964 4228 provocet
989 4129 1166 4204 incolas:

246 4230 476 4333 Paupertas
505 4235 646 4312 avidas
673 4260 758 4310 non
786 4237 934 4312 metuit
961 4261 1106 4311 manus

244 4340 333 4415 Nec
361 4346 477 4417 vates
506 4343 655 4442 gladiis
684 4343 881 4419 sternitur
910 4343 1058 4443 impiis,

247 4447 353 4523 Cum
383 4473 506 4525 curae
535 4450 691 4550 superis
721 4450 775 4527 sit
802 4451 948 4550 pietas,
979 4451 1081 4524 fides
