3164 5154
717 481 777 547 VI.

137 663 430 740 leRTYRUM
466 662 664 739 VIRTUS
694 660 1062 740 CONSOLATUR
1090 659 1403 739 ADFLICTOS.

283 840 419 915 Anxio
448 864 611 939 pressus
641 837 819 938 quereris
849 839 989 913 dolore
1262 851 1387 909 f01.44v·

285 950 337 1022 Et
363 955 478 1022 tuam
505 947 675 1047 plagam
701 945 883 1020 lacrimis
911 946 1104 1043 adauges,

284 1056 320 1129 N
323 1080 345 1129 e
374 1053 610 1129 cicatricem
639 1054 773 1153 spatio
803 1051 960 1127 dicrum

390 1162 552 1236 Ducere
580 1160 721 1260 possit.

284 1320 503 1420 Rumpitur
529 1320 676 1394 vulnus
705 1318 873 1418 gemitu,
902 1323 1078 1392 novatur

284 1427 470 1502 Pectoris
497 1451 659 1503 maeror
686 1425 858 1501 memori
886 1450 1050 1499 recursu

284 1534 430 1609 Tristis
459 1558 700 1626 aerumnae3
730 1533 845 1632 cupis
875 1556 963 1606 csse
990 1532 1102 1606 lacta

389 1641 556 1716 Mente?
586 1640 773 1731 Quiesce.

286 1799 540 1898 Sanguinem
567 1801 762 1891 nondum,
792 1800 903 1873 bona
930 1823 1066 1898 pauca
1083 1804 1246 1872 tantum

284 1906 473 1983 Abstulit
501 1906 578 1981 diri
605 1906 740 1982 rabies
768 1904 952 2004 tyranni:

285 2012 427 2090 Obfuit
453 2013 558 2088 livor
585 2013 741 2089 meritis
770 2012 988 2112 malignus,

394 2119 568 2197 Obstitit
595 2145 706 2210 aura,

286 2281 401 2372 Quae
430 2304 568 2355 sacras
598 2280 715 2355 dotes
744 2279 979 2369 celebravit,
1010 2277 1122 2354 omni

286 2387 470 2462 Gloriam
498 2387 582 2461 late
609 2386 778 2485 regione
808 2385 967 2484 sparsit.

285 2494 419 2569 Nosce
447 2500 509 2569 te:
541 2493 776 2568 constantia
802 2492 939 2593 prisca
966 2492 1100 2583 robur,

391 2598 522 2675 Arma
549 2599 766 2676 ministret.

286 2761 513 2859 Martyrum
541 2766 687 2860 specta
713 2758 866 2834 nitidos
895 2757 1126 2857 triumphos

286 2867 475 2966 Purpura
502 2866 655 2942 mixtos
683 2866 836 2967 proprii
866 2864 1030 2955 cruoris,

286 2974 343 3052 Ut
371 2974 503 3073 gradu
532 2975 690 3048 caelum
719 2979 942 3073 properant
970 2971 1097 3046 citato

391 3081 555 3155 Tollere
584 3080 710 3156 certi!

287 3239 420 3315 Corde
449 3239 509 3314 sic
535 3265 758 3339 numquam
788 3239 993 3314 thalamos
1023 3235 1176 3312 subivit

287 3346 469 3446 Sponsus
499 3347 678 3421 ardenti:
709 3354 878 3422 tenerae
906 3345 1068 3445 puellae

285 3453 343 3530 Ut
371 3478 545 3544 crucem,
574 3453 774 3546 flammae,
803 3454 1007 3541 tenebras,
1038 3456 1229 3541 catastas,

391 3561 575 3637 Verbera
602 3565 790 3659 poscunt.

286 3718 395 3809 Quid
424 3719 500 3793 viri
531 3719 685 3795 Christi
712 3719 869 3794 facient
896 3742 1047 3808 amore,

285 3824 447 3901 Debilis
477 3850 598 3901 sexus
627 3827 763 3926 potuit
791 3832 982 3900 cruentas

287 3931 330 4008 Si
358 3932 448 4033 pati
475 3958 643 4033 poenas,
672 3932 824 4034 pavido
854 3939 967 4007 metu
994 3955 1072 4004 nec

394 4039 567 4115 Honuit
594 4043 738 4116 enses?

287 4197 530 4299 Compedes,
561 4224 711 4291 carcer,
740 4205 844 4287 rota,
875 4224 998 4298 quam
1025 4197 1169 4287 tulisti,

287 4304 396 4395 Quid
424 4306 501 4382 tibi
529 4306 698 4382 tandem
726 4306 898 4381 nocuit?
928 4306 1026 4403 quid
1055 4303 1196 4402 ignis?

286 4411 352 4486 Ira
381 4414 480 4510 quid
508 4413 619 4488 saevi
648 4412 900 4488 Diocletiani

392 4520 545 4619 Magne
573 4521 755 4620 Georgi?
