3164 5154
599 241 673 299 LIB.
692 242 745 298 111.
764 243 862 299 8-10.
1307 247 1369 308 201

171 443 280 520 VIR.
332 441 442 517 Hinc
470 441 691 517 deflectere
721 441 873 516 suadeo

389 546 529 648 Atque
544 549 697 639 hortor,
727 548 870 646 procul
883 547 962 623 hac
991 545 1137 622 cedere
1165 545 1321 642 semita,

331 655 394 730 Ne
422 655 592 731 tandem
620 653 792 729 tribulos
820 659 982 730 metant

383 763 437 836 Et
465 761 593 862 spinis
621 766 787 836 teneros
816 760 1043 859 illaqueent
1068 760 1204 863 pedes
1335 807 1359 848 u

170 920 293 998 VOL.
339 919 447 1010 Quid
475 943 571 994 vero
601 919 689 995 sine
717 943 784 994 me
812 926 942 1018 potes,

384 1026 452 1101 Ad
479 1026 626 1101 libram
655 1050 824 1101 revoces
854 1025 887 1100 si
916 1032 1058 1101 tamen
1087 1024 1253 1101 omnia?

332 1132 400 1208 An
428 1157 513 1207 non
541 1132 695 1231 gaudia
721 1131 925 1233 praecipit

389 1239 524 1315 Maior
551 1264 645 1338 pars
674 1239 900 1330 hominum,
933 1238 1101 1314 delicias
1129 1237 1267 1337 petit?
1335 1287 1361 1327 1⁶

171 1399 280 1475 VIR.
338 1399 399 1473 Ex
427 1423 493 1473 me
521 1396 726 1473 laetitiam
756 1397 867 1497 capit

385 1504 500 1580 Gens
528 1506 722 1596 humana,
753 1503 854 1579 meis
884 1506 1002 1580 ardet
1032 1503 1266 1593 honoribus,

329 1611 455 1687 Ridet
481 1611 624 1687 matris
653 1617 700 1686 ut
728 1610 877 1685 osculis

383 1718 526 1793 Proles
554 1717 747 1792 uberibus
775 1717 957 1816 pendula
985 1716 1185 1791 dulcibus.
1335 1767 1361 1804 20

171 1877 293 1955 VOL.
337 1878 446 1976 Ergo
475 1901 644 1951 munere
673 1876 882 1974 iungimur

384 1985 438 2059 Et
465 1991 586 2081 grato
618 1982 756 2059 officio
786 1983 990 2057 nectimur
1018 1981 1206 2071 invicem,

332 2090 374 2167 Si
404 2089 510 2165 veris
540 2089 619 2165 tibi
647 2096 837 2188 tempora

385 2197 488 2272 Post
506 2196 644 2271 tristes
664 2194 819 2270 hiemes
840 2194 923 2269 sint
941 2218 1103 2294 quoque
1119 2195 1269 2271 suavia.
1335 2246 1362 2284 ,4

170 2355 278 2433 VIR.
332 2354 376 2432 Si
404 2355 535 2455 pellas
562 2355 709 2430 vitium
739 2377 788 2428 ac
814 2352 943 2445 nefas,

384 2461 479 2537 Non
506 2468 644 2537 tecum
673 2486 799 2536 renuo
828 2484 1010 2560 pangere
1038 2458 1222 2536 foedera:

332 2566 562 2644 Aeternum
590 2568 710 2644 lateri
741 2591 877 2643 comes

385 2675 585 2750 Haerebis
614 2675 742 2750 roseis
772 2673 911 2750 cincta
937 2671 1151 2748 nitoribus.
1336 2722 1362 2762 ῃ

716 3274 761 3338 X.

270 3489 431 3567 IUSTA
461 3487 727 3566 VINDICTA
757 3487 981 3565 CONTRA
1009 3486 1202 3564 IMPIOS.

202 3700 237 3777 Ο
266 3702 417 3777 vindex
446 3701 657 3794 scelerum,
688 3725 768 3800 quo
798 3701 951 3776 resides
980 3700 1084 3790 loco,
1229 3712 1279 3768 fol.
1298 3715 1354 3771 eor·

203 3807 409 3884 Astraea?
438 3834 491 3883 an
518 3808 633 3907 regio
663 3815 704 3884 te
734 3814 850 3883 tonet
877 3806 1023 3880 ultima

202 3916 419 4015 Europae?
448 3940 502 3989 en
529 3914 660 3990 niveis
690 3915 881 3989 dentibus
910 3910 1053 3986 Africa

310 4021 398 4098 Aut
426 4031 653 4096 extremum
682 4019 809 4096 Asiae
838 4021 973 4094 latus?

201 4182 297 4257 Huc
325 4183 432 4257 Euro
462 4181 594 4271 citius,
625 4188 666 4256 te
694 4205 846 4278 precor,
876 4177 1024 4254 advola

201 4288 257 4362 Et
283 4294 435 4362 terram
464 4288 621 4362 miseris
651 4286 888 4361 criminibus
917 4286 1019 4374 leva,

205 4392 310 4469 Oum
338 4401 503 4493 pastore
533 4419 605 4469 suo
634 4418 686 4467 ne
714 4398 886 4492 pereant
912 4416 1058 4489 greges

309 4499 453 4577 Atroci
482 4500 690 4576 violentia.
