3164 5154
699 231 906 290 suvauuu

323 432 403 509 Ast
428 432 690 532 impudentes
719 431 830 532 quod
855 429 1039 508 referunt
1065 431 1260 509 luorum?

324 540 458 631 Quam
485 539 663 638 gratiam
691 538 806 614 addit
832 537 1074 638 pestiferum
1101 538 1252 616 nefas?

376 648 434 726 Ut
461 646 579 721 sibilo
611 645 884 746 explodantur
913 670 1069 736 omnes,

431 753 661 854 Opprobrio
690 751 887 828 meretrix
911 757 1090 829 notetur.

323 912 392 989 An
419 913 525 990 forte
552 912 661 988 tanti
689 937 831 1012 sparsa
858 912 1047 1012 pecunia,

324 1021 382 1098 Ut
409 1046 453 1096 se
480 1045 584 1096 uxor
610 1017 714 1095 Afro
743 1019 894 1096 subdat
921 1018 1137 1097 adultero?

377 1126 430 1204 Se
458 1126 648 1227 iungeret
674 1127 833 1226 Phyllis
862 1124 1076 1220 Charonti‚

429 1234 473 1311 Si
502 1233 648 1334 Stygio
678 1233 848 1309 satiaret
875 1257 987 1309 auro.

323 1392 381 1469 At
407 1400 460 1486 te,
490 1392 673 1494 profanis
702 1394 882 1469 moribus
910 1392 1045 1492 impie,

322 1502 486 1576 Florem
513 1500 680 1602 pudoris
710 1501 779 1601 qui
808 1500 976 1576 simulas
1004 1506 1157 1593 tamen,

376 1607 582 1683 Aeternus
610 1608 719 1707 ignis
749 1606 964 1683 devorabit

429 1714 637 1790 Tartareis
665 1714 860 1791 miserum
889 1713 1085 1804 cavernis,

323 1874 536 1950 Submissa
561 1874 604 1948 ni
632 1900 749 1950 mens
778 1899 800 1951 e
827 1875 1021 1951 barathro
1048 1874 1192 1950 trahat

322 1983 375 2056 Et
401 1981 683 2080 paenitentem
710 1981 862 2057 iudioio
892 1981 1056 2058 eximat.

377 2087 542 2163 Crimen
571 2113 714 2163 ooeroe
742 2088 912 2164 infame:
942 2095 1106 2188 portum

430 2194 598 2287 Quaere,
627 2221 762 2287 senex,
793 2195 913 2271 avide
942 2193 1099 2272 salutis.

733 2902 865 2968 XVIH.

378 3118 634 3196 FORTUNA
662 3117 778 3195 NON
808 3118 998 3196 MUTAT
1028 3118 1221 3197 GENUS.

323 3331 458 3406 Gente
486 3330 616 3406 nobili
645 3337 769 3421 satus,
1294 3348 1342 3404 fol.
1358 3348 1403 3404 85'·

427 3437 620 3513 Parentis
648 3437 858 3536 utriusque
887 3436 1012 3538 stirpe
1041 3439 1175 3515 clarus

321 3544 461 3645 Atque
489 3568 658 3620 avorum
686 3545 881 3645 imagine,

427 3651 529 3727 Fide
558 3657 731 3744 vetusta,
759 3652 942 3728 moribus
970 3653 1173 3754 probatis:

323 3757 400 3834 Ast
429 3784 554 3857 egens
582 3758 758 3860 pecunia

427 3864 467 3939 A
495 3866 678 3965 pluribus
708 3865 986 3941 contemnitur
1011 3867 1215 3943 Metellus.

324 3971 432 4060 Quid
458 3997 588 4069 genus
617 3973 731 4048 iuvat
757 3973 900 4064 virum,

430 4077 538 4168 Quid
565 4079 700 4179 prisea
717 4085 881 4179 paturm
900 4078 1032 4179 gloria
1056 4085 1181 4180 atque
1200 4082 1382 4158 honores:
1403 4113 1412 4149 s

323 4185 437 4260 Aura
466 4185 500 4259 si
527 4186 737 4286 potentior

429 4292 611 4391 Impellit
638 4294 726 4367 auri
755 4318 878 4392 quam
907 4294 1109 4395 trophaea
1137 4297 1329 4394 cymbam

326 4397 561 4476 Constituta
587 4399 707 4475 litore

429 4506 593 4583 Virtute
621 4507 823 4583 maiorum
852 4532 901 4582 ao
930 4508 1069 4584 favore
1099 4508 1229 4584 caeli?
