3164 5154
693 237 908 295 CARMINUM

327 440 376 532 ,Ο
406 444 570 539 sponse‘
600 439 783 515 clamant
811 438 990 532 ,suavior
1017 438 1219 532 omnibus,

326 546 441 637 Quae
468 552 580 621 terra
609 545 786 645 spondet
812 545 980 637 lubrica
1008 545 1188 644 gaudiis:
1323 640 1330 654 .

377 651 454 727 His
483 652 648 751 quando
678 652 854 727 deduces
882 652 1089 728 tenebris?

433 759 608 850 Quando
638 767 709 834 tuo
739 757 910 834 satiabis
940 763 1034 834 ore?

325 937 416 1012 Icta
444 962 469 1011 a
498 937 649 1012 calenti
679 937 804 1012 corda
833 936 1026 1037 cupidine

325 1044 512 1119 Tandem
541 1068 684 1119 sereno
713 1043 867 1119 lumine
894 1044 1063 1144 respice.

379 1150 439 1226 At
465 1176 518 1225 ne
547 1150 773 1227 recorderis
800 1156 989 1226 vetustae

430 1256 569 1349 Labis‚
599 1263 718 1333 atrox
743 1257 886 1357 procul
914 1257 1023 1332 absit
1051 1263 1188 1333 erron‘

328 1433 506 1510 Cantare
534 1433 721 1508 flammas
750 1433 808 1507 sio
835 1434 951 1509 lubet
978 1434 1163 1527 entheas,

327 1541 396 1617 Sic
425 1541 680 1616 lacrimantis
707 1539 880 1640 prodere
907 1540 1088 1641 pectoris

381 1647 580 1724 Sanctum
608 1645 798 1737 furorem,
829 1647 888 1723 sic
916 1646 1120 1745 gementis

434 1754 642 1830 Sollicitos
672 1753 799 1828 animi
828 1754 999 1829 dolores.

326 1931 481 2005 Verum
509 1931 744 2006 Nearchum
772 1954 857 2005 non
885 1930 1032 2005 deceat
1059 1954 1211 2022 meum,

328 2037 501 2111 Pulsare
530 2045 683 2112 terram
709 2043 773 2112 ter
800 2037 904 2136 pede
933 2037 999 2111 vel
1025 2036 1116 2136 lyra

378 2145 596 2243 Exponere
624 2144 805 2242 insignes
833 2142 1064 2242 triumphos

434 2250 577 2325 Martis
608 2257 650 2326 et
678 2250 894 2348 ambiguos
922 2251 1146 2326 tumultus?

327 2428 390 2501 Tu
421 2427 528 2502 bella
556 2436 701 2503 contra
729 2428 962 2504 Sithoniam
989 2452 1116 2502 manu

327 2535 521 2633 Pugnata
548 2534 645 2609 forti
674 2534 857 2625 concine,
886 2541 933 2609 tu
961 2535 1112 2609 ducum

380 2641 543 2717 Illustre
573 2644 706 2733 robur,
736 2648 782 2717 tu
812 2666 880 2716 ore
909 2666 1031 2716 narra

434 2747 656 2824 Pindarico
687 2749 838 2823 celeres
868 2749 1070 2824 cohortes.
1405 2798 1426 2837 s

327 2924 444 2999 Mens
474 2929 573 3023 apta
600 2949 685 2998 non
723 2932 786 3000 est
821 2949 899 3000 nec
927 2925 1029 3000 lituo
1063 2929 1136 2998 aut
1163 2927 1292 3001 tubae

327 3032 415 3106 Nec
444 3037 586 3106 nostra
615 3030 747 3106 saevis
774 3031 934 3131 plectra
962 3029 1180 3106 caloribus:

381 3138 561 3212 Tantum
591 3138 806 3212 ardeamus
834 3137 1002 3212 flamma
1029 3136 1209 3237 Olympi:

434 3245 522 3319 Hos
552 3245 734 3321 animare
762 3244 904 3321 licebit
931 3244 1060 3344 ignes.
1406 3276 1426 3315 52

783 3809 828 3879 H.

434 4004 709 4083 CORRUPTI
738 4004 965 4083 SAECULI
993 4006 1189 4084 MORES.

331 4182 486 4257 Causas
515 4182 695 4258 labantis
724 4182 869 4260 discite
899 4185 1053 4259 saeculi
1301 4200 1351 4255 fol.
1370 4202 1418 4256 ‘rs-

328 4290 378 4364 In
407 4289 523 4389 peius
553 4315 697 4365 omnes
726 4297 913 4389 tempora
940 4291 1093 4383 nubila,

383 4395 483 4486 Quis
513 4422 611 4472 cara
637 4398 776 4489 virtus
805 4398 893 4497 quis
922 4401 1071 4473 acerba

435 4503 605 4603 Imperii
633 4505 782 4610 veteris
810 4506 939 4580 ruina.
