3164 5154
727 240 945 299 OARMINUM

328 444 433 521 Nam
460 443 579 519 Musa
605 466 697 518 raro
726 442 904 518 turribus
933 440 1067 516 aureis

332 551 526 627 Sublimis
556 556 683 626 errat:
715 548 961 624 culminibus
989 548 1137 623 sedens

384 658 509 734 Pindi
536 656 708 732 virentis
735 655 840 730 lauri
868 655 922 731 ad
949 656 1137 731 umbram

436 767 474 840 N
476 770 612 840 ectere
640 761 787 839 florida
815 768 926 838 serta
952 762 1090 862 gestit.

333 925 520 1025 Orpheus
547 923 717 999 remotis
744 948 787 998 se
816 921 1032 998 abdiderat
1058 921 1205 1022 plagio,

331 1030 521 1130 Vestigia
547 1055 661 1106 acres
690 1030 780 1106 sola
805 1029 876 1106 ubi
903 1029 1050 1105 beluae

385 1139 694 1238 Impresserant,
725 1137 822 1212 dum
850 1160 951 1212 saxa
980 1134 1105 1212 traxit

440 1243 638 1323 Cantibus
667 1249 709 1319 et
735 1267 951 1318 nemorum
977 1267 1173 1318 recessus.

332 1405 419 1480 Nec
447 1404 629 1480 dulciore
657 1404 822 1504 pectine
850 1402 1059 1504 Apollinis

333 1511 427 1588 Vox
455 1511 580 1586 corda
606 1511 748 1587 mulsit
776 1510 935 1585 siderea
963 1535 1057 1586 arce
1086 1533 1211 1609 quarn

386 1615 590 1693 Armenta
618 1643 711 1693 cum
740 1617 922 1717 pavisset
949 1617 1065 1692 exsul

438 1724 698 1800 Thessalicos
726 1748 922 1800 resonans
949 1748 1024 1823 per
1051 1747 1184 1824 agros

334 1885 510 1961 Deserta
537 1885 662 1960 sacris
690 1884 869 1984 ingeniis
897 1885 1076 1985 placent,

334 1990 474 2068 Virtus
502 1992 709 2067 theatrum
739 1992 894 2090 grande
923 1991 1001 2068 sibi
1029 1990 1143 2066 satis:

388 2098 557 2173 Inscitia
586 2109 628 2174 et
654 2097 758 2172 livor
787 2105 979 2174 cruentus

441 2204 574 2304 Regia
600 2212 712 2281 tecta
741 2206 882 2280 colunt
908 2203 1154 2305 frequenter.
1408 2241 1431 2280 ιο

770 2823 853 2889 XII.

430 3037 668 3115 SUPERBE
695 3038 811 3116 NON
841 3038 1212 3118 IMPERANDUM.

334 3236 491 3309 Irarum
518 3235 664 3311 timido
693 3242 861 3336 pectore
890 3240 1086 3312 submove
1308 3253 1358 3310 fol.
1376 3259 1426 3314 22*-

334 3342 516 3434 Fluctua
545 3343 826 3435 Democrates,
855 3369 933 3418 nec
961 3350 1122 3419 tumeat
1148 3349 1267 3420 tuum

335 3449 468 3524 Multa
494 3448 576 3525 bile
604 3450 727 3542 iecur,
754 3450 919 3526 laedere
946 3476 1023 3524 neo
1051 3450 1176 3542 iuvet,

444 3555 556 3645 Quos
584 3557 723 3632 hostes
752 3557 829 3633 tibi
856 3556 1034 3632 finxeris.

336 3715 534 3805 Quamvis
562 3742 671 3791 nunc
699 3723 773 3792 tua
801 3717 855 3792 sit
882 3741 1035 3816 magna
1062 3717 1251 3817 potentia

336 3825 390 3899 Et
417 3830 581 3924 sumpta
609 3823 813 3899 indomita
831 3831 995 3923 sceptra
1018 3848 1137 3921 geras
1156 3848 1295 3916 manu,

335 3931 546 4007 Momento
575 3931 793 4030 imperium
820 3931 994 4006 vertitur
1020 3931 1155 4023 unice,

445 4037 628 4113 Privaris
658 4038 903 4113 diademate.

247 4276 252 4283 ,
337 4196 439 4286 Quis
466 4197 603 4273 nescit
630 4198 829 4273 scelerum
856 4204 958 4273 nota
983 4197 1176 4296 piacula?

337 4302 439 4392 Quis
457 4302 610 4380 fastum
629 4304 850 4380 stolidum?
871 4305 960 4404 quis
971 4304 1144 4380 Veneris
1162 4304 1298 4379 luem?

336 4410 407 4485 An
435 4436 590 4503 censes,
619 4412 779 4487 lateant
807 4412 917 4511 quod
944 4411 1031 4487 sera
1059 4410 1256 4486 crimina?

446 4517 525 4598 Sol
544 4519 713 4594 tandein
743 4518 883 4594 omnia
911 4518 1085 4618 detegit:
1424 4551 1446 4591 o
