3164 5154
672 1178 698 1242 Ι.

431 1391 568 1469 LAUS
599 1391 932 1472 CASTITATIS.

257 1602 454 1705 Aequent
482 1615 695 1684 comantes
724 1608 925 1686 sideribus
953 1637 1078 1702 rosas,
1175 1626 1226 1684 fol.
1244 1629 1300 1685 77*-

257 1711 425 1787 Tollant
452 1712 496 1788 in
524 1715 667 1808 altum,
698 1741 800 1815 quos
828 1719 954 1793 rubor
981 1719 1112 1795 aflicit

311 1821 364 1894 Et
393 1819 583 1920 Cypridis
610 1820 738 1899 ferale
766 1824 926 1916 vulnus,

363 1928 474 2001 Dum
502 1934 666 2006 teneros
695 1931 803 2006 male
832 1931 957 2008 deflet
984 1933 1119 2032 ignes:

259 2107 326 2182 Me
355 2104 560 2181 castitatis
588 2106 764 2183 candida
790 2109 878 2185 lilia

258 2217 312 2290 Et
338 2215 522 2314 puriores
550 2214 659 2290 lacte
687 2215 832 2290 iuvant
858 2216 986 2309 nives,

313 2322 381 2397 Me
408 2320 589 2421 limpidis
618 2323 830 2421 crystallus
858 2323 978 2398 undis

364 2429 417 2505 Et
443 2429 563 2503 vitrei
592 2429 679 2504 sine
708 2428 824 2504 faece
851 2429 939 2504 rivi.

256 2606 426 2682 Arridet
452 2607 596 2682 albens
625 2606 852 2682 Caelitibus
880 2614 991 2706 toga,

258 2713 392 2804 Quam
419 2714 534 2789 nulla
560 2712 675 2789 labes
704 2714 892 2789 sordibus
920 2713 1069 2790 imbuit

310 2823 396 2897 Neo
426 2821 716 2897 decoloravere
745 2820 829 2895 fuci

364 2927 587 3003 Sidoniove
615 2928 723 3003 nitet
749 2953 921 3003 veneno.

258 3108 407 3184 Castae
435 3105 616 3182 Tonanti
644 3114 765 3205 grata
792 3106 996 3182 modestia

255 3216 310 3292 Et
338 3240 435 3290 cura
463 3214 637 3306 mentis;
664 3239 762 3288 nam
792 3213 948 3314 superis
977 3238 1119 3314 parem

310 3321 466 3397 Soitita
494 3322 694 3396 honorem
724 3321 844 3396 dulce
872 3321 1024 3397 ridenti

364 3429 527 3503 Emicat
555 3453 624 3503 ore
653 3428 805 3528 pudica
834 3429 1028 3527 nympha.

258 3608 412 3683 Secura
439 3607 545 3682 ludit
571 3607 656 3682 tela
687 3605 901 3706 Cupidinis

259 3714 396 3814 Atque
424 3713 528 3790 iram
557 3721 600 3790 et
627 3738 785 3789 arcum:
815 3712 956 3788 nescia
984 3711 1164 3787 criminis

312 3821 553 3897 Contemnit
580 3821 770 3895 insanum
799 3819 977 3894 furorem

365 3930 419 4003 Et
445 3927 618 4028 pedibus
646 3952 847 4026 generosa
875 3926 1020 4002 calcat.

236 4107 365 4196 ',Quo
398 4105 532 4181 tendis
562 4106 724 4180 audax?
752 4105 889 4181 vivere
917 4104 1077 4203 legibus

252 4213 365 4287 Fixis
394 4238 558 4290 recusas
587 4237 665 4287 neo
695 4213 875 4311 sequeris
905 4212 1071 4287 deum?‘

305 4321 513 4395 Inclamat
541 4321 682 4396 Orcus.
714 4320 839 4414 ,Siste
867 4345 1071 4416 gressum3

360 4426 443 4502 Cur
470 4427 639 4502 iuvenes
668 4428 777 4502 male
805 4426 942 4526 perdis
971 4428 1144 4502 annosP‘
1283 4478 1308 4516 24
