3164 5154
682 476 749 542 III.

291 673 381 750 IRA
411 672 715 751 INNOCENTI
743 675 860 752 NON
889 674 1148 753 TlMENDA.

180 870 421 946 Intermissa
450 869 519 943 diu
546 870 655 945 redit
1184 887 1234 943 fol.
1256 889 1326 945 100¹·

287 976 508 1055 Vindictae
536 977 682 1067 rabies,
713 976 815 1052 ultio
847 979 1068 1075 quaeritur,

181 1085 244 1159 Ob
275 1109 440 1159 causam
468 1084 641 1158 nimium
669 1084 801 1159 levem

288 1194 375 1266 Aut
402 1191 557 1265 nullam
586 1190 734 1290 potius.
765 1191 926 1267 Diceris
954 1191 1104 1292 impius
1327 1232 1341 1270 4

181 1298 454 1397 Contemptor
480 1297 640 1397 patriae
669 1323 718 1372 ac
746 1297 823 1373 dei.

287 1405 438 1482 Verum
468 1405 603 1479 nullus
631 1405 749 1480 adest
776 1405 892 1481 testis
921 1405 1105 1482 idoneus.

180 1513 393 1603 ‚immanis
422 1512 585 1587 sceleris
612 1518 720 1586 reus‘

285 1620 457 1694 Delator
485 1618 674 1694 timidum
703 1625 839 1696 tentat
867 1632 909 1697 et
937 1621 1081 1722 arguit.
1328 1656 1341 1695 s

179 1726 310 1800 Iudex
341 1726 530 1801 credulus
559 1726 720 1800 annuit:

286 1833 373 1907 Etsi
402 1834 513 1907 haud
541 1833 726 1924 audierit,
753 1859 838 1909 non
867 1835 944 1910 eris
974 1836 1195 1911 innocens?

179 1940 239 2015 At
265 1966 318 2014 no
348 1940 447 2015 cede
476 1939 604 2028 malis,
633 1938 737 2031 Tite,

285 2047 518 2146 Numquam
546 2073 687 2121 vemm
718 2047 811 2122 odio
840 2048 982 2125 desere
1010 2050 1076 2125 vel
1103 2057 1227 2125 metu.

179 2154 404 2229 Adflictam
433 2153 662 2251 Babylonio

287 2261 454 2336 Castam
483 2261 633 2336 iudicio
662 2261 821 2360 respice
850 2262 1068 2360 coniugem

178 2369 359 2443 Hebraei
388 2367 562 2442 iuvenis:
594 2393 737 2443 senum

285 2476 404 2549 Plebi
434 2475 639 2550 detulerat
664 2473 780 2550 vafra
812 2475 1031 2550 calumnia.

177 2582 237 2657 At
264 2583 410 2656 missus
439 2582 589 2657 Daniel
616 2606 718 2682 puer

286 2690 496 2766 Insontem
526 2689 676 2788 eripuit
703 2689 904 2789 supplicio
933 2690 1107 2780 horride,

177 2796 351 2871 Addixit
377 2797 560 2895 trepidos
588 2795 692 2886 neci,

284 2903 466 2992 Quorum
496 2928 642 2977 munus
672 2910 760 2978 erat
787 2903 947 3002 legibus
977 2905 1145 3003 obsequi

173 3010 349 3098 Divinis
380 3036 546 3109 operam
577 3011 674 3084 dare

284 3116 464 3193 Sanctae
493 3117 687 3206 iustitiae,
717 3117 897 3215 plectere
928 3117 1112 3192 crimina.

174 3223 281 3300 Cum
310 3230 393 3299 tres
421 3224 603 3299 Isacidas
632 3225 744 3297 furor

282 3331 480 3405 Flammis
509 3331 706 3430 imposuit
733 3331 881 3429 regius
911 3331 1020 3430 ignis
1048 3331 1159 3408 haud

171 3439 309 3512 Ausus
340 3463 512 3537 corpora
540 3447 721 3535 tangere,

282 3543 436 3619 Saevos
466 3546 680 3619 carnifices
709 3544 931 3645 corriperet
958 3545 1065 3620 lieet.

173 3650 243 3726 Sic
271 3653 416 3751 poenis
445 3653 543 3727 deus
572 3651 716 3726 eximit

279 3759 475 3836 Mortales
503 3759 646 3833 avidos
675 3784 869 3858 quaerere
897 3758 1070 3856 gloriam

173 3865 223 3939 In
253 3867 378 3940 caelis
407 3866 610 3957 stabilem,
641 3867 727 3940 solo

279 3973 495 4047 Immundo
525 3998 574 4047 ao
602 3971 712 4047 luteo
743 3997 905 4072 serpere
933 3971 1105 4047 nescios,

171 4078 330 4154 Firmet
358 4105 450 4179 spes
479 4080 761 4155 adamantina:

280 4186 373 4261 Non
402 4187 460 4261 illi
491 4187 552 4260 ira
578 4194 716 4276 nocet,
747 4186 882 4261 sidera
911 4212 1032 4287 quem
1060 4183 1213 4260 fovent.

171 4293 335 4368 Numen
362 4294 532 4369 tandem
562 4294 695 4368 aderit
722 4303 849 4379 tuum,

280 4402 474 4500 Emerget
501 4401 681 4476 tenebris
710 4425 834 4475 aurea
863 4399 1026 4475 veritas.

627 4649 781 4660 u—-.
