3164 5154
525 248 598 304 LIB.
615 247 668 306 IV.
686 249 802 305 11-13.

177 448 256 523 His
282 473 429 524 secura
455 455 599 524 manet
622 447 880 549 principibus
908 448 1029 540 salus,

177 555 255 631 His
283 580 366 656 pax
392 562 486 631 tuta
512 554 635 650 mihi;
664 579 744 630 nec
771 553 900 630 timeo
929 555 1062 630 minas

178 662 320 738 Insani
349 662 507 739 cerebri
534 688 612 740 nec
641 661 832 762 Stygium
861 686 1008 738 canem

285 769 323 844 N
325 795 372 845 cc
400 769 543 846 letalia
568 768 738 871 proelia

179 929 331 1004 Audax
358 953 474 1005 arma
501 953 626 1005 mann
654 928 782 1018 vibro,
810 929 1058 1004 nocentibus

180 1035 336 1112 Castris
365 1034 496 1111 infero
525 1062 607 1112 me:
641 1038 728 1112 tela
754 1036 897 1111 volent
924 1034 1034 1126 licet,

178 1142 364 1217 Hostiles
392 1167 544 1218 cuneos
572 1142 778 1243 praesidio
808 1143 906 1217 dato

285 1251 449 1350 Rumpo
479 1257 605 1348 atque
633 1248 803 1349 agmina
831 1248 996 1348 dissipo.

180 1410 238 1488 Ut
264 1409 421 1485 clamor
445 1409 619 1510 pavidas
647 1415 776 1485 terret
801 1432 899 1484 oves
926 1407 1025 1507 lupi,

179 1516 334 1592 Audito
362 1517 521 1615 gemitu
549 1516 609 1592 sic
637 1515 849 1615 trepidant
875 1539 980 1605 meo,

179 1625 407 1701 Venturam
436 1648 461 1698 a
489 1623 646 1723 superis
674 1625 773 1698 dum
800 1627 993 1697 metuunt
1019 1645 1154 1721 opem,

285 1729 428 1829 Magni
454 1729 684 1806 subsidium
713 1729 791 1804 dci.

180 1888 213 1964 Ο
244 1889 376 1966 sancti
404 1914 595 1989 proceres
623 1889 807 1965 sidereae
836 1889 991 1977 domus,

179 1998 408 2072 Labentem
435 1996 614 2096 patriam
643 1994 860 2096 protegite,
889 2018 1011 2070 aereo

180 2103 272 2178 Non
300 2103 444 2178 Martis
473 2103 605 2203 clipeo
633 2109 707 2179 aut
733 2102 917 2177 Palladis
946 2099 1105 2199 aegide,

287 2210 369 2287 Sed
396 2209 489 2284 miti
516 2210 685 2285 arbitrio
712 2208 861 2284 Patris.

181 2369 367 2445 Suffultis
395 2369 534 2445 valido
561 2372 709 2446 robore
739 2369 944 2444 Caelitum

180 2476 274 2552 Non
300 2500 498 2577 praeceps
524 2474 677 2576 Aquilo
705 2481 821 2551 mota
846 2500 925 2550 nec
952 2499 1143 2575 aequora,

179 2583 387 2658 Fortunae
420 2608 498 2658 nec
527 2586 647 2660 obest
674 2581 880 2658 instabilis
910 2589 1015 2671 rota,

289 2689 485 2781 Quamvis
514 2690 691 2765 misceat
718 2689 868 2765 omnia.

611 3306 709 3374 ΧΙΠ.

257 3505 450 3582 DlVlNA
479 3503 697 3582 SCIENDI
728 3502 1068 3582 CURIOSITAS.

185 3718 275 3810 Quo
303 3717 490 3794 mortalis
518 3717 608 3792 abis
635 3742 709 3817 per
734 3718 909 3792 vetitum
936 3716 1081 3793 nefas?
1156 3732 1198 3788 fol
1224 3734 1277 3790 48¹-

183 3825 337 3901 Insana
362 3823 529 3925 raperis,
560 3824 687 3913 bulla,
717 3823 903 3899 libidine:

238 3931 390 4007 Audax
418 3931 558 4006 omnia
584 3955 706 4006 nosse

290 4039 444 4114 Tantas
473 4039 668 4114 scandere
697 4038 851 4112 sidera!

186 4197 301 4289 Quae
329 4205 479 4273 natura
506 4197 611 4290 sinu,
641 4222 746 4296 quae
776 4198 877 4271 deus
906 4194 1075 4287 abdidit,

188 4305 254 4379 An
280 4303 350 4380 sax
376 4304 533 4403 ingenii
561 4305 776 4405 protrahet
802 4305 845 4379 in
875 4303 1011 4378 diem?

94 4489 100 4502 ,
238 4411 290 4486 Ni
319 4412 433 4487 caelo
463 4420 574 4488 astra
600 4413 798 4503 relucent,

292 4519 458 4594 Densae
487 4544 563 4595 nos
591 4521 787 4594 tenebrae
815 4523 975 4616 tegunt.

1280 4091 1294 4130 4

1281 4571 1294 4610 8
