3164 5154
177 247 220 310 oo
709 226 939 299 omnibuis

177 438 383 533 Seianum,
411 437 634 518 Ablavium
661 441 786 535 vides,

283 546 418 623 Aulae
449 546 677 624 Caesareae
703 549 887 626 maxima
912 548 1109 626 nomina?

176 652 314 729 Ambo
344 653 589 730 culminibus
617 660 743 730 ruunt

283 758 463 835 Summis
490 760 741 862 praecipites
770 767 813 838 et
839 761 1006 862 proprio
1034 761 1227 837 imbuunt
1384 805 1400 844 c

177 866 326 941 Turres
355 867 556 966 sanguine
583 867 739 966 regias:
809 960 815 969 .

283 974 337 1048 Et
362 973 538 1072 posthac
566 972 738 1049 ducibus
765 975 891 1051 fidere
919 974 1010 1074 quis
1036 971 1163 1049 velit?

175 1076 235 1154 At
263 1078 520 1155 constantior
546 1084 610 1155 est
636 1078 761 1171 favor,

283 1184 415 1275 Quem
442 1184 560 1284 plebs
587 1184 770 1260 ridiculis
798 1184 1009 1287 plausibus
1036 1183 1205 1260 indicat.

177 1288 289 1368 Vah!
319 1295 416 1366 sunt
443 1291 604 1367 somnia
631 1292 782 1367 inania.

282 1396 443 1496 Vulgus
471 1397 664 1472 mobilior
689 1397 885 1474 fluctibus
913 1394 1083 1472 Adrise:

178 1502 285 1595 Odit
313 1528 435 1602 quem
464 1503 595 1579 coluit
618 1503 743 1603 prius,

281 1608 336 1683 Et
362 1633 461 1683 mox
489 1608 689 1702 destituit,
720 1631 843 1709 quem
870 1607 1019 1709 cupide
1047 1607 1204 1684 extulit

177 1712 286 1805 Quid
314 1713 521 1814 spondent
547 1740 691 1791 roseae
719 1717 879 1814 genae?

282 1819 370 1895 Aut
398 1819 498 1920 quid
524 1819 672 1897 frontis
701 1823 824 1897 ebur?
858 1820 957 1921 quid
982 1824 1136 1895 teretes
1163 1818 1329 1894 manus?

176 1927 236 2001 Te
264 1926 427 2001 blandis
455 1926 613 2027 laqueis
640 1928 811 2004 trahunt

283 2034 338 2107 Et
365 2032 465 2108 duro
494 2032 689 2109 miserum
716 2031 814 2110 fune
842 2031 1085 2110 revinciunt.

178 2136 260 2214 Ast
286 2137 446 2213 incerta
472 2144 614 2215 tamen
641 2141 755 2232 fides

284 2243 431 2320 Verbis
459 2270 537 2320 nec
565 2246 695 2322 libeat
723 2247 889 2322 credere
915 2242 1098 2344 virginis.

177 2349 282 2425 Falli
312 2374 435 2449 saepe
463 2352 700 2445 necessitas,

283 2456 438 2532 Verum
466 2463 585 2557 turpe
612 2460 808 2555 probrum
836 2456 1015 2532 femineo
1045 2480 1071 2531 a
1096 2479 1234 2554 grege.
1391 2492 1408 2533 u

176 2563 285 2661 Ergo
313 2562 434 2637 mitte
463 2564 698 2662 superbiam

283 2669 337 2744 Et
362 2669 451 2745 vita
477 2669 641 2768 sapiens
669 2669 827 2745 lubrica
855 2668 1046 2744 culmina.

178 2773 287 2863 Quid
314 2775 501 2874 lapsurus
531 2775 619 2850 adis
648 2775 746 2874 iuga

283 2882 337 2957 Et
362 2881 491 2957 tradis
521 2881 655 2956 dubiis
685 2882 811 2957 corda
837 2880 1065 2955 furoribus?
1392 2915 1410 2957 u

177 2986 332 3061 Tutum
360 2987 468 3062 valle
496 2987 697 3078 resistere,

283 3093 377 3169 Non
406 3093 538 3168 celsos
567 3093 707 3193 apices
735 3093 935 3170 scandere
962 3091 1177 3168 montium.

178 3197 404 3273 Pulchrum
431 3224 546 3273 mens
576 3199 664 3275 sine
693 3199 875 3291 crimine,

282 3305 467 3381 Foedum
497 3331 540 3381 se
568 3305 693 3381 fatuis
722 3306 895 3405 prodere
923 3303 1141 3380 amoribus
1396 3341 1415 3383 o

745 3813 885 3883 XXIX.

350 4011 558 4090 smnus
587 4011 897 4111 crunnum,
925 4001 1044 4089 Nou
1071 3996 1274 4088 bouus,

386 4167 526 4246 Aedes
554 4170 729 4245 adornat
756 4171 909 4246 Paulus
939 4175 981 4245 et
1008 4169 1115 4245 atria
1302 4181 1352 4238 for.
1368 4176 1414 4238 41⁴·

385 4276 537 4352 Fracta
563 4282 781 4377 parentum
810 4277 942 4376 cingit
968 4275 1162 4376 imagine,

438 4383 497 4460 Ut
522 4383 654 4458 nobili
683 4383 872 4459 credatur
901 4408 989 4458 esse

494 4488 630 4590 Stirpe
658 4496 771 4565 satus
799 4509 1055 4590 proavosque
1083 4486 1223 4564 iactet.
