3164 5154
167 241 231 300 242
702 230 910 288 SILVARUM

271 432 515 508 Periculosa
542 456 666 532 saepe
695 438 919 508 comuntur
945 433 1106 532 probra,

379 538 495 630 Quae
522 539 673 614 nimius
702 537 886 615 extrudit
913 538 1038 614 calor.

272 645 385 722 Gens
412 652 505 721 tota
530 653 698 745 pugnat
726 646 889 721 incolae
916 648 1061 722 crebro
1089 643 1237 722 furunt

377 753 427 827 In
455 753 637 829 advenas
666 752 902 828 crudeliter:
1391 804 1409 844 s

272 856 490 960 Sapienter
516 859 614 935 hino
643 885 687 934 se
713 883 857 958 gerere
885 863 928 933 et
955 864 1090 934 astute
1120 857 1255 951 decet,

376 966 612 1065 Numquam
639 966 762 1041 reniti
790 965 962 1065 legibus.

777 1617 836 1684 IV.

397 1835 550 1912 VANA
577 1834 850 1912 MOLIMINA
878 1834 1218 1914 MORTALIUM.

270 2045 439 2123 Arcana
467 2047 602 2122 cordis
629 2047 764 2147 prima
792 2047 861 2148 qui
888 2047 1000 2123 nosti
1027 2047 1112 2124 mei
1280 2062 1329 2120 foi
1347 2063 1406 2119 107*-

377 2153 549 2229 Amicus
577 2152 881 2253 integerrimus,

271 2259 478 2359 Cratippe,
508 2266 648 2336 tecum
678 2286 801 2360 saepe
829 2261 1039 2337 combussi
1065 2261 1177 2338 diem

378 2364 541 2442 Salibus
570 2366 717 2442 facetis
746 2374 789 2444 et
815 2367 931 2459 iocis,

270 2473 466 2549 Iuvenilis
494 2481 609 2550 aetas
638 2475 734 2548 dum
764 2475 938 2566 sinebat,
967 2475 1066 2550 dum
1092 2475 1184 2576 pari

378 2580 524 2656 Studio
555 2581 792 2656 colebamus
821 2582 932 2674 deas,

270 2686 473 2762 Helicone
501 2712 607 2786 quae
634 2695 846 2763 morantur
873 2694 917 2763 et
943 2686 1070 2763 Pindi
1097 2688 1218 2788 iugis,

377 2795 608 2868 Laetantur
634 2795 790 2870 umbris
818 2797 1022 2870 arborum.
1403 2841 1412 2881 s

270 2901 330 2975 Te
359 2900 609 2997 dignitatum
637 2901 819 2976 culmina
847 2904 1072 2978 vocabant:
1103 2927 1236 3002 genus

376 3007 540 3082 Illustre
569 3007 628 3081 sic
657 3007 799 3084 decuit
826 3033 1000 3107 quoque.

269 3111 433 3211 Religio
463 3114 537 3188 sed
563 3139 631 3189 me
659 3115 788 3190 traxit
815 3121 858 3190 et
885 3115 990 3190 caeli
1016 3114 1153 3209 timor,

379 3218 547 3294 Summo
576 3226 623 3294 ut
649 3246 841 3297 vacarem
868 3221 1039 3297 numini.
1394 3268 1412 3307 o

270 3323 478 3426 Antiquus
507 3327 628 3402 ardor
657 3334 699 3403 et
725 3328 829 3404 fides
856 3328 1011 3404 mansit
1037 3334 1189 3420 tamen,

376 3432 465 3507 Etsi
492 3433 642 3508 remoti
670 3434 870 3532 degimus,

270 3540 330 3614 Te
360 3539 540 3615 Galliam
567 3540 741 3616 lustrare
769 3541 885 3634 iuvit,
915 3547 960 3617 te
987 3548 1078 3620 rate

378 3646 547 3722 Sulcare
575 3648 832 3744 Tyrrhenum
861 3673 987 3724 mare.
1393 3691 1411 3732 ιε

270 3752 338 3828 Me
365 3752 500 3828 Roma
526 3754 639 3828 laeta
666 3755 763 3829 sede
791 3755 1044 3831 Pontificum
1072 3755 1142 3830 diu

376 3859 568 3933 Detinuit
596 3861 790 3958 amplexu
819 3886 944 3937 sacro.

268 3964 541 4040 Monumenta
560 3967 658 4041 dum
672 3969 838 4042 revolvo
859 3974 1056 4060 veterum,
1078 3967 1176 4043 dum
1196 3969 1336 4046 domos

378 4072 560 4147 Observo
588 4099 732 4170 regum
760 4075 916 4150 dirutas
1391 4119 1412 4160 ,ο

269 4177 522 4277 Fractasque
551 4186 709 4255 statuas
739 4182 966 4275 consulum,
996 4187 1148 4259 stratos
1176 4183 1290 4258 humi

377 4285 527 4362 Vultus
555 4294 773 4385 potentum
803 4288 1036 4382 Caesarum,

269 4389 504 4490 Absumpta
532 4419 740 4468 marmora
766 4395 963 4493 temporis
992 4395 1106 4496 longi
1133 4420 1259 4490 mora,

376 4497 509 4575 Arcus
538 4501 808 4601 triumphales
837 4503 999 4594 ducum,
1393 4547 1414 4588 u
