3164 5154
709 234 914 292 SILVARUM

323 438 398 513 Est
424 436 544 510 Musa
568 433 704 533 virgo:
732 432 926 535 prostitui
952 440 1098 532 negat3

324 544 410 619 Nec
437 544 564 617 verba
589 545 852 642 praetextata
876 541 1045 642 placent
1071 540 1163 633 deo,

378 648 458 742 Qui
486 648 665 725 crinibus
692 646 825 746 fulget
852 647 1012 724 decoris

432 757 486 832 Et
512 755 636 831 radiis
664 754 869 831 Helicona
896 754 1055 831 lustrat.

324 916 501 994 Lasciva
527 920 710 991 mentem
737 913 892 1015 pagina
920 923 1167 1005 commovet,

323 1021 531 1101 Accendit
557 1022 644 1121 igni
671 1028 844 1123 pectora
869 1021 1019 1100 mollia:
1145 1074 1148 1079 -

378 1129 515 1230 Serpit
543 1129 691 1229 cupido
722 1152 848 1204 caeca
874 1126 989 1203 venis

431 1239 484 1312 Et
512 1235 595 1312 ciet
621 1235 837 1334 ambiguos
864 1234 1074 1311 tumultus.

327 1396 442 1474 Caeli
472 1396 654 1488 choreas,
682 1395 863 1471 sidereas
890 1393 1024 1495 magis

324 1505 534 1579 Flammas
563 1502 735 1596 decebit
765 1501 924 1604 proelia
951 1503 1182 1601 Martyrum

380 1608 557 1685 Cantare
585 1615 733 1700 vatem,
761 1633 841 1708 quo
870 1607 1061 1709 perennis

431 1715 598 1793 Vertioe
628 1715 842 1792 consideat
869 1739 1032 1792 corona

326 1875 431 1952 Sunt
458 1874 662 1952 castitatis
688 1875 787 1969 lilia,
815 1900 901 1951 non
928 1899 1046 1950 rosae

327 1983 480 2059 Gratas
507 1982 680 2059 Diones:
711 1982 785 2058 has
814 1980 922 2082 fugit
950 1981 1076 2073 ocius,

381 2089 461 2181 Qui
490 2089 627 2166 tendit
654 2090 707 2166 ad
736 2088 909 2165 sublime
938 2088 1115 2181 culmen,

433 2196 490 2273 Ut
516 2196 661 2272 nitidis
690 2196 873 2272 societur
900 2195 1031 2272 astris.

757 2706 853 2773 VIII.

341 2907 415 2983 AD
446 2903 741 2982 MELETIUM:
782 2903 1036 2981 NEMINEM
1062 2903 1270 2982 lNlURIA

596 3027 1004 3107 LACESSENDUM

324 3225 361 3299 N
364 3251 386 3300 3
407 3225 566 3326 probn's
584 3250 843 3324 quemquam,
866 3222 1020 3318 Meleti,
1039 3224 1229 3317 lacessas
1299 3239 1352 3296 fol.
1369 3243 1416 3298 31*-

324 3332 450 3407 Vocis
479 3337 552 3406 aut
579 3356 738 3431 pungas
767 3329 943 3406 stimulis
971 3333 1157 3425 acerbas,

324 3438 385 3513 Ns
414 3438 475 3514 tui
503 3437 655 3514 famam
683 3439 840 3514 laceres
869 3437 992 3513 amici

428 3548 565 3620 Dente
592 3546 786 3644 maligno,

323 3705 464 3780 Foeda
490 3730 554 3780 res
584 3704 642 3780 sic
672 3706 829 3780 solvere
859 3703 976 3781 frena
993 3705 1173 3804 linguae,

323 3812 475 3887 Pareat
502 3819 549 3887 ut
575 3811 689 3904 nulli,
721 3812 793 3887 sed
822 3812 935 3910 equis
965 3810 1103 3888 citatis
1247 3894 1250 3899 ,

323 3919 376 3992 Et
404 3917 484 3993 levi
514 3945 634 3994 curru
661 3925 854 4019 properet
882 3925 1096 3994 cruentum

430 4024 632 4126 Spargere
661 4026 781 4101 virus.

324 4184 459 4261 Causa
485 4210 538 4260 ne
565 4186 640 4260 fias
668 4186 859 4285 cuiquam
889 4184 1053 4277 doloris,

321 4291 445 4368 Dirus
474 4299 547 4369 aut
573 4295 715 4368 crabro
743 4294 870 4369 veluti
900 4317 1092 4384 susurres,

320 4398 383 4474 Ne
412 4399 522 4474 domi
550 4403 689 4476 turbes
717 4401 924 4500 placidam
954 4400 1133 4500 quietem

427 4505 567 4606 Iurgia
593 4507 781 4583 miscens.
