3164 5154
526 277 600 332 LIB.
621 274 686 331 VII.
704 275 782 330 6-8.

230 479 421 555 Gaudeat
449 477 571 552 tellus
601 474 785 550 animata
814 472 911 548 solis

227 588 340 661 Luce
369 583 586 683 surgentis,
617 589 775 657 veteres
805 579 991 680 querelas

232 694 376 770 Mittat
404 698 447 767 et
474 690 583 766 dulci
615 690 794 764 celebret
821 686 994 762 iacentis

337 798 529 875 Carmine
558 822 695 872 ounas.

230 959 428 1037 Omnibus
456 958 589 1033 maior
615 956 785 1031 minimo
815 953 939 1029 cubili

230 1068 417 1141 Membra
445 1063 669 1163 oomponia
699 1062 862 1163 patiens
893 1060 1037 1136 amieis

229 1173 417 1248 Braohiis
447 1171 617 1270 stringi:
647 1169 809 1270 plaoide
837 1174 1080 1268 precantum

337 1279 508 1379 Suscipe
535 1285 644 1353 vota.

230 1439 340 1516 Sana
367 1465 483 1514 mens
513 1464 628 1514 sacro
655 1437 797 1536 vigeat
825 1436 974 1525 calore,

232 1547 389 1647 Corpus
419 1555 461 1622 et
489 1572 633 1622 sanum
662 1544 850 1619 foveatur
878 1567 977 1618 aura

230 1654 417 1753 spiritua,
450 1655 581 1728 doneo
609 1652 768 1753 patriae
797 1653 921 1725 beata

335 1763 480 1860 Regna
508 1767 708 1860 petamus.

609 2361 703 2426 VIII.

505 2576 643 2653 FINIS
671 2576 816 2652 ANNI.

232 2788 410 2889 Aufugit
437 2797 611 2888 tempus,
641 2795 758 2863 vetus
787 2813 917 2863 annus
948 2790 1031 2864 exit
1129 2803 1270 2859 fol-135¹·

232 2898 285 2972 Et
313 2922 443 2971 novus
472 2922 615 2995 gressu
642 2902 836 2996 properat
865 2897 1010 2972 uitato:

234 3004 324 3094 Quo
356 3004 455 3095 dies,
486 3029 646 3079 menses
676 3006 829 3078 abeant
857 3011 900 3079 et
927 3004 1064 3096 horae,

340 3110 440 3200 Quis
469 3111 570 3184 mihi
600 3111 742 3186 dicet?

233 3270 405 3345 Detinet
431 3271 567 3345 nullus
595 3271 850 3370 retrahitque
878 3271 1025 3361 nullua

235 3377 405 3452 Scilicet
432 3379 551 3477 lapsu
579 3378 709 3453 tacito
738 3378 926 3453 feruntur

233 3485 283 3558 Iu
311 3486 437 3560 chaos
467 3510 662 3559 oaeoum:
693 3492 926 3560 memorant
952 3492 1115 3561 vetusta
1144 3485 1211 3559 hio

342 3590 518 3667 Saecula
547 3592 680 3667 condi.

233 3753 358 3826 Forte
388 3752 588 3826 Saturnus
616 3754 720 3828 latet
747 3753 810 3827 his
840 3756 914 3827 sub
944 3752 1083 3839 antria,

235 3857 313 3948 Qui
343 3885 459 3933 suam
488 3861 615 3933 fertur
643 3861 827 3935 subolem
855 3885 1032 3949 vorasse,

234 3965 383 4041 Prodit
411 3973 452 4040 et
480 3966 627 4041 falsam
655 3968 823 4042 Latium
853 3971 1071 4067 superbum

343 4073 531 4148 Numinis
560 4077 757 4149 umbram.

234 4233 417 4306 Fabulae
447 4242 623 4308 cessent:
655 4235 791 4332 potius
820 4260 969 4309 rorare

237 4338 406 4414 Sacrum
436 4341 489 4414 ad
518 4367 691 4416 examen
721 4342 857 4431 libeat,
889 4342 987 4441 quid
1017 4365 1123 4415 anno

235 4446 378 4545 Egeria
407 4454 508 4539 tote,
536 4448 711 4523 fueritne
740 4448 848 4523 iusta

343 4554 460 4629 Mens
489 4556 554 4629 vel
583 4555 753 4654 iniqua?
