3164 5154
642 231 716 287 ma.
735 232 770 288 v.
791 233 905 289 11-13.
1350 244 1412 303 251

182 432 291 509 Cum
310 433 379 507 lex
396 429 520 506 foeda
534 430 721 507 Arabum
735 431 899 532 placido
919 433 1066 532 procul
1087 436 1184 510 orbe
1203 441 1364 511 remota

293 537 479 615 Obscura
506 538 722 613 claudatur
749 563 900 632 erem0,

179 646 385 722 Mulciber
413 648 606 721 absumat
633 644 806 720 confusa
833 646 1045 722 volumina
1072 646 1262 740 flammis,

290 752 432 828 Insani
459 750 679 829 mendacia
704 752 825 828 vatis.
1034 752 1038 758 ’

180 859 371 935 Foedera
398 883 500 958 quos
527 859 633 934 iuvit
661 884 754 934 cum
784 859 872 934 dira
900 859 1071 959 iungere
1098 869 1236 960 gente,

292 966 488 1042 Cladibus
515 966 780 1042 involvantur
807 966 979 1059 acerbis,

181 1074 241 1152 Ut
267 1072 438 1149 tandem
465 1073 607 1173 pavidi
635 1097 777 1171 regem
805 1081 1054 1150 venerentur
1082 1073 1248 1175 Olympi

291 1179 378 1255 Neo
404 1186 613 1255 terrenum
642 1179 754 1254 sidus
783 1180 966 1270 adorent,
1376 1217 1403 1258 a

182 1285 400 1362 Hactenus
428 1293 476 1362 ut
503 1285 625 1362 soliti.
660 1286 836 1361 Discant
862 1310 1008 1386 parere
1036 1311 1227 1388 supremo

292 1391 488 1483 Arbitrio,
520 1400 787 1469 contemnere
815 1391 969 1468 fastum

180 1498 390 1599 Principis
419 1498 599 1591 audacis,
628 1503 772 1575 morbo
803 1500 873 1599 qui
902 1499 1104 1576 obnoxius
1134 1501 1288 1594 haeret,

292 1605 424 1696 Quem
452 1605 603 1682 tacitas
631 1631 741 1682 mors
770 1607 897 1683 ducet
923 1608 978 1683 ad
1005 1603 1182 1683 umbras.
1376 1643 1402 1683 a

728 2154 826 2220 XIII.

255 2334 387 2438 QUID
417 2333 503 2412 SIT
533 2334 838 2413 OPTANDUM
866 2334 977 2412 AUT
1006 2334 1290 2413 ORANDUM.

185 2511 396 2590 Sollicitas
424 2512 532 2588 votis
562 2513 720 2589 caelum
749 2511 1031 2614 precibusque,
1060 2514 1236 2609 Metelle,
1254 2528 1305 2587 fol.
1323 2529 1390 2585 112¹

293 2621 352 2698 Ut
378 2619 506 2721 stirpe
535 2621 647 2695 clara
675 2620 892 2717 coniugem
921 2628 963 2695 et
990 2619 1067 2696 tibi
1090 2621 1232 2697 mittat
1251 2647 1361 2723 opes,

184 2727 339 2804 Rideat
366 2734 413 2803 ut
440 2752 602 2828 semper
629 2728 745 2803 vultu
772 2728 957 2802 Fortuna
985 2752 1129 2804 sereno

293 2833 381 2909 Nec
400 2835 600 2909 lubricam
620 2841 754 2911 mutet
771 2834 907 2925 fidem,
930 2834 1114 2910 instabili
1133 2836 1230 2912 orbe
1248 2836 1361 2929 levis,
1390 2873 1403 2910 ι

183 2941 244 3019 Ut
270 2946 435 3038 gratum
463 2940 637 3018 ducibus
665 2942 842 3042 populus
871 2940 1079 3017 subiectus
1108 2943 1254 3018 adoret

293 3048 502 3147 Flexoque
530 3047 645 3147 regio
674 3048 903 3150 principem
935 3048 1092 3149 poplite
1120 3055 1211 3124 tota
1240 3050 1361 3140 colat,

183 3155 244 3233 Ut
258 3154 465 3255 quondam
480 3153 705 3230 Ablabium
725 3155 921 3255 obsequio
941 3181 1050 3232 nova
1062 3156 1197 3231 Roma
1214 3163 1364 3249 secuta,

293 3260 429 3361 Caput
457 3262 682 3338 secundum
711 3263 883 3336 Maximi
913 3262 1101 3339 Caesaris
1130 3263 1313 3365 imperio.
1390 3299 1403 3338 s

182 3369 339 3466 Magna
366 3369 486 3469 petis,
514 3369 690 3444 nimium
719 3370 792 3444 sed
822 3370 923 3445 sorti
950 3370 1077 3445 fidere
1105 3370 1203 3462 noli,

292 3475 354 3552 Ne
381 3477 535 3575 praeda
564 3476 619 3551 sis
638 3477 756 3552 velut
772 3475 912 3552 Icarus
935 3476 1117 3576 piscibus
1137 3478 1360 3576 aequoreis.

181 3583 402 3659 Labuntur
431 3583 553 3659 celeri
581 3583 660 3658 rivi
687 3583 792 3684 pede
820 3584 1029 3659 montibus
1058 3583 1152 3659 altis

291 3688 483 3789 Imasque
511 3691 639 3766 valles
669 3696 876 3790 occupant
902 3689 1071 3765 flumine
1099 3690 1329 3791 praecipiti,
1378 3722 1403 3762 ιε

182 3793 265 3871 Ast
293 3798 565 3873 absorbentur
591 3804 725 3873 terrae
754 3797 931 3873 sitientis
960 3797 1089 3872 hiatu:

292 3902 418 3998 Idem,
437 3929 549 3997 cave,
570 3904 647 3981 tibi
665 3930 719 3979 ne
734 3904 911 3996 accidat,
931 3929 984 3979 ne
1003 3903 1184 3980 tumidus
1203 3928 1360 4004 pereas.

183 4007 340 4085 Orandi
369 4011 517 4112 superi,
547 4036 670 4087 verae
697 4011 865 4111 pietatis
893 4011 1032 4108 imago

290 4117 451 4193 Nostris
479 4124 526 4194 ut
553 4117 702 4193 animis
721 4116 882 4216 fulgeat
908 4124 949 4193 et
972 4116 1189 4217 probitatis
1216 4116 1361 4208 honor,
1380 4150 1402 4189 a

180 4222 249 4300 Sit
277 4248 427 4326 corpus
457 4249 615 4318 sanum,
646 4225 700 4319 sit¹
726 4225 882 4300 laetum
912 4225 1062 4301 mentis
1091 4247 1280 4315 acumen,

291 4329 356 4408 Sit
373 4331 555 4433 pectoris
575 4331 866 4431 tranquillitas:
894 4357 1065 4432 poscere
1093 4332 1211 4431 plura
1233 4328 1360 4406 nefas
