3164 5154
581 204 655 260 LIB.
673 204 714 261 11.
732 205 849 262 1a-ao.

178 403 439 479 Felicitatem
469 403 527 479 sic
556 401 726 479 nimiam
756 426 918 503 quoque

177 506 390 586 Aerumna
416 510 586 586 tandem
614 508 748 585 suevit
775 508 962 585 acerbior

231 617 460 716 Impellere.
517 617 627 693 Hinc
657 640 779 693 conse
807 618 985 710 beatum,

288 725 367 816 Qui
396 723 531 800 medio
562 723 676 823 cupit
703 723 761 798 ire
791 723 907 800 clivo.

669 1341 753 1410 XX.

444 1557 790 1635 PRUDENTIAE
818 1556 968 1635 LAUS.

175 1751 400 1828 Iucundius
427 1752 487 1827 nil
515 1760 578 1828 est
606 1752 746 1845 oculis,
777 1776 892 1826 amor
1202 1764 1253 1820 fol.
1273 1768 1328 1823 26¹·

178 1860 266 1933 Neo
294 1859 454 1934 dulcius
483 1860 707 1960 quidquam
736 1858 932 1935 aestimat
959 1864 1032 1934 aut
1057 1855 1148 1934 face

231 1966 388 2041 Maiore
413 1966 576 2066 flagrat3
604 1994 699 2042 nam
725 1991 868 2040 screno

283 2073 487 2166 Pascitur,
517 2079 564 2148 ut
592 2074 776 2174 dapibus,
807 2072 955 2153 nitore,

176 2231 297 2308 Vires
326 2237 378 2310 ab
407 2233 487 2309 illis
517 2234 673 2335 accipit
702 2241 744 2310 et
771 2257 867 2308 suos

175 2339 292 2416 Bello
322 2341 475 2416 calenti
505 2341 723 2417 constituit
749 2340 887 2431 duces,

228 2448 289 2521 Ne
318 2447 424 2522 forte
453 2450 625 2539 abanet,
656 2448 690 2524 si
717 2447 890 2523 micanti

282 2554 458 2630 Lumine
488 2554 735 2631 destituatur
763 2555 895 2629 ardor.

175 2710 235 2787 At
264 2714 430 2789 suavior
457 2716 689 2814 prudentia,
719 2713 920 2790 mentium

176 2819 361 2895 Sublime
391 2822 502 2896 sidus
530 2823 731 2898 nobilium
759 2846 809 2897 ac
838 2821 969 2896 iuba-r:

229 2927 468 3002 llortalium
496 2930 601 3005 haec
631 2929 753 3004 duros
782 2929 941 3003 labores

282 3033 493 3135 Intrepido
523 3035 658 3111 studio
688 3040 868 3110 coronat.

177 3192 276 3282 Quis
306 3201 582 3293 consequatur
612 3195 702 3271 finis
732 3202 775 3271 et
802 3195 948 3270 ultima

176 3299 241 3375 Sit
268 3307 381 3376 meta
408 3302 585 3394 tandem,
613 3306 735 3378 rebus
764 3302 808 3377 in
837 3302 1026 3378 omnibus

228 3407 437 3507 Expendit
464 3416 589 3508 atque
617 3409 853 3485 examinare

282 3515 417 3608 Novit,
448 3522 495 3591 ut
522 3516 728 3616 ambiguis
756 3517 910 3592 relictis

176 3674 413 3750 Contendat
442 3700 592 3767 arcum,
620 3676 778 3775 spicula
807 3676 969 3774 dirigat,

177 3779 268 3870 Quo
306 3781 478 3857 certiore
507 3783 696 3881 perficiat
723 3808 849 3859 manu

229 3887 428 3964 Molimen
456 3888 603 3987 ingens
633 3896 674 3964 et
694 3889 847 3965 salubri

284 3994 467 4070 Consilio
497 3996 691 4094 expediat
719 3997 887 4071 minora.

174 4152 362 4228 Prudens
390 4153 517 4228 futuri
546 4156 743 4256 temporis
772 4156 935 4248 arbiter,

176 4260 328 4359 Elapsa
358 4261 520 4360 quando
551 4264 689 4338 saecla
719 4264 936 4362 recogitat,

231 4368 431 4466 Exempla
459 4368 661 4443 maiorum
689 4370 875 4460 revolvit,

283 4474 500 4575 Ancipites
528 4475 745 4578 variosque
774 4484 926 4567 motus,
