3164 5154
635 951 662 1015 I.

176 1149 360 1226 BONAE
389 1146 792 1226 CONSCIENTIAE
821 1146 1133 1226 SECURITAS.

216 1343 429 1420 Fluctibus
456 1350 607 1444 pontus
636 1343 804 1418 tumidis
832 1342 997 1433 feratur,
1119 1358 1262 1416 1011531-

216 1451 390 1526 Misceat
418 1454 581 1527 crebras
609 1449 761 1552 Aquilo
791 1451 999 1551 procellas,

216 1559 372 1634 Beluae
402 1558 514 1634 dirae
543 1562 719 1634 subeant
745 1557 872 1633 feroci

322 1666 464 1741 Litora
493 1665 620 1759 saltu;

218 1808 389 1906 Ignibus
420 1807 579 1881 caelum
608 1804 752 1881 subitis
779 1806 969 1897 minetur,
1110 1868 1111 1872 ,

216 1914 424 1989 Decidant
451 1913 606 2005 stellas,
635 1911 793 1987 facibus
821 1912 1044 1988 tremendis

217 2022 425 2096 Horreant
452 2021 600 2116 undae,
629 2019 780 2095 feriant
808 2022 1004 2119 superbas

323 2127 514 2202 Fulmina
541 2135 689 2220 turres;

217 2269 420 2345 Montium
449 2268 608 2344 fument
636 2267 775 2367 apices
803 2267 961 2360 favillis

216 2376 347 2453 Vasta
376 2378 450 2451 sub
479 2375 630 2451 nostris
659 2376 831 2475 pedibus
862 2376 1049 2450 dehiscat

218 2484 354 2573 Terra,
386 2507 587 2558 concussu
615 2489 781 2557 moveat
809 2482 951 2574 citat0,

324 2589 504 2673 Subruat
530 2614 668 2664 arces:
907 2616 913 2626 ¹
1243 2641 1268 2679 12

216 2733 309 2808 Non
336 2731 488 2832 premit
515 2730 689 2806 formido
718 2738 859 2805 tamen
887 2756 963 2805 neo
991 2730 1098 2804 ullus

215 2840 354 2914 Deicit
381 2845 513 2912 terror
541 2839 718 2913 statione
747 2845 941 2928 mentem,

217 2947 333 3036 Quae
362 2946 439 3020 sibi
469 2951 634 3020 constat
661 2946 848 3043 graviore
876 2967 1101 3043 numquam

324 3052 504 3129 Crimine
534 3076 678 3142 mersa,

216 3195 404 3270 Divitum
434 3220 537 3293 quae
565 3220 650 3268 11011
679 3194 872 3294 spoliavit
900 3192 1022 3268 aedes

217 3302 412 3379 Sordibus
440 3326 516 3375 nec
545 3327 588 3375 se
617 3301 805 3400 Cypridis
835 3300 990 3376 dicavit

216 3411 301 3485 Nec
329 3407 561 3508 profanavit
589 3409 794 3483 thalamos
823 3409 996 3507 pudicos

322 3517 518 3614 Improba
545 3522 711 3614 nuptae,

215 3658 431 3732 Neminem
461 3657 581 3731 laesit
607 3682 684 3731 nec
713 3681 836 3731 avara
864 3657 974 3755 turpi

217 3765 269 3839 Se
299 3764 412 3838 dedit
439 3765 564 3853 lucro,
595 3765 772 3863 patriam
802 3789 878 3838 nec
908 3787 1007 3836 auro

216 3871 415 3948 Vendidit
442 3895 520 3944 nec
551 3871 751 3970 corripuit
779 3869 971 3970 pudenda

322 3978 482 4052 Fraude
512 3978 671 4077 cupido,

216 4120 292 4194 Illa
319 4119 509 4195 fortunae
537 4120 694 4193 vicibus
723 4120 946 4209 tremiscat,

217 4226 336 4302 Orbis
366 4233 408 4301 et
437 4227 598 4301 cladem
627 4234 789 4301 metuat
816 4225 983 4315 ruentis,

216 4333 492 4408 Plurimorum
523 4359 627 4432 quac
657 4335 867 4422 scelerum,
896 4333 1085 4406 nocentis

324 4440 501 4516 Conscia
529 4441 683 4540 culpae.
