3164 5154
702 226 907 283 SILVARUM

325 427 455 504 Aetas
486 426 677 502 Castaliis
706 425 889 501 fontibus
918 426 1066 525 aptior,

327 536 441 626 Quae
469 559 587 632 reges
617 533 799 608 celebrat
828 532 994 608 suavius
1024 542 1066 609 et
1095 534 1211 624 deos

327 642 459 733 Quam
489 665 595 740 quae
624 666 739 715 sacra
766 641 901 714 minus
930 640 1080 739 pocula
1107 645 1326 740 temperat,

432 748 632 824 Dilaudat
658 754 812 822 vacuos
839 748 1025 847 scyphos.

325 909 417 983 Hoc
444 908 623 1008 primum
652 907 844 999 studium,
874 907 1067 981 barbiton
1094 907 1140 981 in
1168 931 1314 982 manus

325 1017 436 1090 Dum
464 1021 628 1090 nostras
657 1014 776 1089 avide
807 1013 1006 1089 sumimus
1035 1022 1078 1089 et
1106 1014 1282 1113 chelym,

326 1124 500 1222 Magnos
530 1121 730 1197 sideribus
759 1121 929 1219 iungere
957 1120 1165 1220 principes

431 1231 484 1304 Et
513 1230 627 1305 caelo
657 1229 782 1303 decus
811 1228 972 1303 addere.

324 1390 530 1465 Maestum
558 1389 627 1462 vix
656 1389 815 1462 senium
842 1388 983 1463 taedia
1012 1387 1236 1486 concoquit

325 1495 581 1594 Languentis
611 1495 825 1586 stomachi,
856 1495 924 1569 vix
953 1494 1094 1592 digitis
1124 1494 1227 1569 fides

325 1603 512 1701 Attingit
538 1602 732 1693 tremulis
760 1601 830 1675 vix
859 1602 1054 1701 cyathum
1082 1600 1209 1702 capit:

433 1709 606 1809 Obrepit
633 1709 759 1784 tacite
789 1734 922 1808 sopor.
1392 1754 1409 1792 ,ฯ

325 1870 409 1946 Nos
439 1894 600 1968 semper
627 1868 773 1967 vigiles
803 1869 888 1945 otia
916 1867 1100 1943 marcida

326 1977 571 2051 Horremus:
603 1976 729 2052 celeri
756 1975 1042 2075 progredimur
1068 1976 1187 2076 pede,

326 2083 594 2182 Quocumque
624 2082 808 2158 officium
838 2089 910 2157 aut
935 2082 1121 2158 Pierides
1150 2090 1321 2173 vocant3

431 2190 583 2289 Ingens
612 2189 745 2289 gloria
773 2189 964 2265 concitat.

326 2351 420 2424 Non
449 2375 525 2424 nos
552 2350 658 2424 livor
688 2349 796 2424 iners
826 2349 891 2422 vel
920 2348 1033 2424 furor
1061 2349 1235 2448 impedit

329 2456 535 2532 Commoti
564 2457 718 2556 populi,
750 2456 967 2555 quominus
996 2456 1146 2532 acriter

327 2564 563 2640 Festinetur
592 2589 715 2662 opus:
746 2565 828 2637 fine
858 2588 930 2639 suo
959 2563 1106 2662 nequit

435 2670 639 2745 Constans
669 2670 836 2745 destitui
865 2670 991 2745 labor.

750 3271 865 3339 XXV.

450 3485 651 3563 CUPIDO
680 3486 936 3562 MISERIAE
966 3484 1157 3565 CAUSA.

383 3698 516 3798 Saepe
545 3699 766 3773 miscemus
796 3698 965 3774 miseras
995 3699 1195 3798 querelas,
1285 3713 1332 3767 fol.
1350 3710 1408 3767 127ยน-

383 3805 574 3904 Corporis
602 3807 731 3880 moles
760 3806 897 3881 animo
929 3807 1039 3906 quod
1069 3809 1207 3881 obstet

381 3914 434 3987 llt
461 3912 597 4010 gravis
628 3938 778 3987 caecae
807 3920 969 4012 premat
995 3913 1283 3988 immerentem

490 4019 661 4094 Sarcina
691 4019 835 4095 camis.

385 4179 592 4270 Quamdiu
621 4179 772 4253 densae
801 4186 917 4254 tenet
944 4182 1090 4254 umbra
1118 4179 1253 4255 noctis

384 4286 618 4383 Languidos
646 4292 769 4377 artus,
799 4293 987 4361 remanet
1015 4287 1177 4386 cupid0,

385 4393 561 4491 Stringit
590 4399 631 4468 et
658 4393 803 4467 vinclis
832 4393 980 4468 validis
1009 4402 1173 4469 coercet

489 4501 685 4601 improba
713 4507 908 4575 mentem.
