3164 5154
576 254 651 314 nm.
670 256 708 314 Π.
739 259 853 316 13-15.

182 457 264 534 Hie
291 457 424 533 instar
450 456 550 556 agni
578 456 775 557 simplicis
804 482 966 557 evagor,

179 565 307 640 Miror
334 588 480 640 serena
506 564 601 640 luce
628 563 829 640 micantia

232 673 368 748 Noetu
396 676 519 758 astra,
548 671 671 746 nullis
699 671 900 772 impedita

283 778 470 854 Nubibus
498 784 570 854 aut
596 780 771 855 nebulae
799 780 974 878 nigrore.

175 944 299 1019 Hune
325 945 441 1020 nulla
468 944 724 1037 detrectatio
753 946 925 1021 verbera

175 1053 364 1149 Linguae
391 1052 603 1152 malignae
630 1077 709 1128 neo
738 1059 958 1154 penetrant
985 1054 1142 1129 looum:

231 1158 407 1235 Bellona
432 1182 517 1234 non
545 1159 706 1235 tristem
733 1161 958 1235 tumultum

282 1263 393 1342 Aere
422 1265 505 1342 oiet
530 1266 723 1366 gladiove
752 1267 894 1343 saevit.

177 1426 258 1501 Hie
285 1425 396 1502 bella
424 1451 552 1502 cornu
580 1433 742 1502 tantum
771 1427 877 1503 aries
905 1427 1013 1526 gerit

178 1533 232 1608 Et
258 1539 399 1609 taurus
428 1557 536 1626 aoer,
568 1532 665 1608 dum
694 1535 877 1610 calamus
905 1558 1056 1610 sonans

231 1640 415 1716 Pastoris
444 1639 498 1716 ad
525 1665 708 1741 pugnam
735 1641 912 1732 lacessit,

282 1748 376 1822 Non
403 1746 496 1822 litui
525 1755 598 1824 aut
626 1748 820 1848 strepitus
848 1751 1052 1824 tubarum.

182 1905 335 1981 Secura
362 1931 443 2006 pax
473 1906 598 1982 silvas
627 1907 734 1997 colit,
762 1907 990 1999 immemor,

180 2012 279 2103 Quis
308 2013 418 2088 Mars
446 2013 594 2089 ferooit
621 2014 806 2089 cladibus
834 2014 1001 2115 impius;

231 2121 322 2196 Non
350 2121 503 2196 milites
530 2124 701 2196 turbant
726 2121 948 2221 pedestres,

284 2227 378 2301 Non
407 2227 591 2326 equitum
619 2228 782 2304 validae
811 2229 1015 2304 cohortes.

177 2387 286 2478 Quid
315 2385 522 2480 Celtiberi,
551 2413 680 2486 regna
707 2388 929 2481 Britaniae,

177 2494 286 2586 Quid
313 2494 538 2570 moliantur
566 2495 710 2570 Gallus
740 2502 782 2571 et
809 2495 994 2589 Insuber,

231 2601 340 2692 Quid
366 2600 559 2677 Moschus
588 2609 630 2678 et
657 2603 825 2678 tandem
854 2606 927 2678 sub
956 2603 1084 2680 Arcto

284 2708 375 2784 Rex
402 2708 566 2808 gelidae
595 2709 818 2785 meditetur
847 2735 954 2802 orae,

178 2866 287 2957 Quid
314 2867 494 2943 Thraces
523 2875 680 2968 optent,
711 2894 905 2969 quaerere
934 2870 1088 2946 desino.

180 2974 316 3050 Patris
345 2976 524 3076 supremi
551 3001 618 3050 me
646 2976 762 3052 iubet
789 2977 958 3077 obsequi

230 3081 336 3180 Legi
365 3082 514 3182 oupido
543 3082 712 3158 mentis:
743 3086 882 3159 orbem

285 3188 524 3265 Dilaoerent
550 3189 794 3289 rapiantque
823 3215 952 3289 reges.

672 3774 750 3844 XV.

463 3990 697 4069 HUMANA
725 3992 956 4070 MISERIA.
1201 4112 1243 4167 fl

1215 4131 1251 4168 0.
1270 4116 1322 4170 ab·

180 4201 287 4293 Quid
308 4205 423 4278 sum?
451 4202 617 4293 Umbra,
637 4203 784 4302 pulvis,
804 4204 962 4303 glaeba,
985 4204 1100 4298 einis,
1121 4204 1240 4297 nibil;

178 4308 346 4384 Devota
373 4309 497 4384 morti
525 4310 706 4401 victima,
736 4312 937 4386 vermium

230 4416 416 4491 Tandem
445 4441 550 4508 esea,
581 4442 673 4491 oum
702 4417 820 4516 nigro
841 4419 1028 4518 sepulcro

287 4521 450 4599 Condat
476 4525 624 4599 humus
652 4525 915 4625 tenebrisque
942 4532 1115 4625 merget.
