3164 5154
530 253 604 308 LIB.
624 252 676 308 XI.
696 256 775 310 4·u

216 452 399 550 Longius
428 451 538 525 vitae
568 451 747 550 spatium
776 476 961 550 reposce,

216 559 390 657 Exigam
418 563 465 632 ut
493 563 660 633 sanctes
689 584 857 657 operum
885 560 1047 635 labores

215 665 252 738 A
282 665 384 739 meis
413 665 620 755 membris,
651 665 834 740 animum
865 667 1009 741 dolosa

321 772 436 845 Labe
465 777 711 869 repu1·ge1u.‘

215 931 342 1029 Regis
371 930 552 1005 Hebraei
582 931 681 1005 deus
710 932 827 1007 auxit
855 957 998 1023 annes,

215 1037 363 1112 Flebili
391 1045 613 1136 postquam
643 1039 803 1136 gemitu
831 1039 1003 1138 rogavit.

215 1144 324 1219 Vera
353 1144 450 1242 quid
480 1144 611 1243 pessit
638 1145 783 1241 pietas,
815 1145 913 1243 quid
942 1145 1062 1227 ausit,

321 1250 536 1326 Cernimus
565 1251 669 1327 inde.

215 1411 346 1485 Rarus
377 1416 440 1485 est
469 1434 597 1484 casus.
626 1410 778 1484 Tenuis
807 1411 959 1485 redibit

215 1516 317 1616 Spes
346 1515 423 1591 tibi
451 1542 528 1591 nee
557 1516 793 1615 prodigium
821 1517 989 1592 iuvabit.

215 1623 323 1712 Quid
350 1624 455 1697 mori
484 1624 653 1698 tardas?
683 1624 828 1698 Potius
856 1649 1025 1724 precare

323 1728 503 1829 Corpore
533 1730 647 1804 solvi.

215 1888 258 1964 Si
287 1889 357 1963 diu
386 1889 502 1980 vivis,
532 1888 643 1964 vitiis
672 1890 878 1982 abundas3

216 1995 399 2095 Suspieis
429 1997 606 2071 eaelum:
635 1997 810 2071 retrahit
838 1997 1008 2096 eupid03

214 2102 364 2202 Diligis
393 2128 566 2177 numen:
598 2111 765 2178 revocat
792 2103 994 2203 voluptas,

320 2210 504 2286 Distinet
532 2212 637 2285 aula.

215 2369 282 2444 Sic
312 2370 389 2444 tibi
417 2395 572 2471 poenas
603 2372 788 2445 cumulas
818 2377 860 2445 et
888 2369 1027 2467 ignem

213 2477 393 2552 Noxium
422 2477 563 2551 subdis
592 2478 720 2577 capiti
748 2476 878 2552 senili.

213 2584 367 2682 Migrat
394 2583 491 2657 hine
519 2583 659 2658 insons
688 2583 835 2659 melius
863 2581 979 2682 gravi
1008 2608 1130 2681 quam

321 2689 502 2765 Crimine
530 2716 706 2790 pressus.

608 3271 664 3336 Vl.

175 3485 321 3585 QUAE
345 3485 431 3560 SIT
459 3485 784 3562 MORTALIUM
813 3486 1100 3563 FELICITAS.

213 3697 286 3770 llle
317 3697 515 3772 dicendus
544 3697 691 3771 merito
721 3700 878 3779 beatus,
1114 3713 1163 3765 for.
1184 3713 1256 3768 mv·

215 3803 293 3892 Qui
322 3804 428 3877 nihil
455 3803 601 3902 poscit,
630 3803 736 3877 nihil
763 3804 906 3893 ambit,
937 3811 1065 3902 optat,

214 3911 368 4008 Magna
397 3935 501 4009 quae
531 3919 679 4001 censet,
708 3912 869 4011 trepido
899 3911 1040 3986 labore

320 4018 458 4091 Turba
485 4018 668 4115 requirit.

213 4178 303 4267 Quo
334 4177 435 4250 mihi
464 4178 593 4252 moles
623 4202 797 4275 operosa
825 4175 931 4269 ferri,

214 4283 345 4375 Aeris
376 4284 549 4382 argenti,
578 4283 784 4358 rutilantis
813 4285 899 4359 auri

213 4391 407 4465 Emicans
436 4390 574 4488 fulgor
602 4391 667 4465 vel
696 4415 820 4467 avara
847 4390 1028 4464 nummis

318 4495 430 4571 Arca
458 4497 660 4596 repostis?
