3164 5154
694 219 916 279 GARMINUM

326 425 476 524 Ingeni
515 425 627 499 lusus
665 424 822 499 subitas
859 425 912 499 ad
940 425 1020 500 iras

326 531 564 631 Principem
600 530 731 605 movit
758 531 865 605 male
902 532 1170 630 suspicacem,

329 639 433 715 Cum
470 636 578 713 foret
614 636 763 737 privati
796 637 974 713 hominis
1010 665 1089 715 nec
1122 641 1234 716 urbis

432 744 628 820 Publicus
667 769 788 818 error.

327 905 454 980 Livor
472 904 580 979 hanc
601 927 768 978 causam
795 904 872 978 sibi
893 905 1066 1004 sumpsit
1085 907 1232 998 audax,

327 1013 386 1089 Ut
422 1018 539 1086 tuum
577 1010 685 1085 cladi
722 1017 848 1109 caput
885 1011 981 1086 hinc
1019 1021 1182 1111 pateret

327 1119 381 1193 Et
418 1119 534 1193 locus
572 1117 740 1192 tandem
779 1118 970 1215 querulae
1009 1118 1154 1194 ultioni

436 1223 630 1301 Vulneris
668 1229 788 1298 esset.

330 1384 497 1459 Grande
535 1384 719 1460 solamen
756 1383 919 1459 sceleris
957 1383 1119 1484 profani

328 1490 523 1566 Nesoium
559 1485 714 1590 peetus,
752 1489 909 1566 leviora
947 1491 1074 1566 sentit

328 1598 533 1673 Innocens
571 1602 797 1672 tormenta:
837 1597 951 1695 gravi
989 1598 1153 1698 flagello

434 1704 585 1779 Pervia
621 1704 751 1803 culpa.

329 1863 488 1938 Tullius
525 1862 632 1939 ferro
661 1862 812 1938 cecidit
843 1864 1020 1961 tyranni,

328 1969 455 2044 Exuit
492 1970 622 2045 vitam
658 1969 831 2071 imperio
869 1970 1042 2046 Neronis

328 2078 504 2174 Magnus
536 2074 754 2152 Annaeus:
795 2077 946 2152 celebri
983 2103 1057 2178 per
1095 2082 1235 2155 orbem

436 2183 611 2258 Nomine
647 2183 806 2259 florent.

330 2342 436 2417 Fata
471 2366 556 2417 non
594 2346 772 2436 obstent,
825 2345 1008 2418 animum
1046 2370 1233 2420 serenum

330 2449 486 2525 Umbra
517 2474 602 2524 non
638 2453 777 2525 turbet
803 2454 1024 2527 tenebrosa
1060 2451 1214 2526 noctis:

328 2555 454 2631 Ridet
490 2555 691 2632 immanes
728 2557 888 2655 gladios
927 2565 969 2633 et
1005 2559 1145 2633 hastas

437 2664 555 2738 Mens
584 2663 672 2738 sinc
700 2665 832 2774 labe..

743 3280 879 3346 XXIII.

582 3478 859 3556 INGRATUS
889 3478 1067 3556 FILIUS.

331 3696 406 3771 Est
442 3699 575 3769 mater
612 3692 725 3767 senio
765 3691 911 3766 debilis
949 3718 998 3767 ac
1036 3697 1165 3790 pater,
1308 3704 1361 3760 fol.
1383 3707 1434 3762 10*-

331 3803 406 3877 Est
443 3826 546 3876 uxor
582 3798 715 3874 nitida
751 3797 897 3887 fronte,
938 3799 1065 3873 oculis
1095 3799 1262 3874 decens:

385 3909 506 3984 Hanc
543 3904 684 4004 magni
721 3904 822 3980 facis
859 3931 996 3997 unam,
1037 3972 1038 3975 ,

439 4014 548 4090 Huic
585 4018 673 4090 toto
695 4013 903 4112 obsequio
941 4036 1076 4087 vacas.
1426 4045 1439 4082 ι

331 4177 553 4275 Languent
590 4175 748 4250 interea
786 4172 984 4271 decrepiti
1021 4197 1151 4261 senec,

334 4283 435 4374 Quis
473 4307 600 4382 parca
635 4280 820 4370 nimium,
860 4279 1010 4378 tigride
1049 4278 1217 4370 saevior,

386 4390 546 4466 Dextra
583 4388 730 4463 dividis
769 4412 902 4463 escas:

440 4497 527 4572 Nec
564 4520 644 4570 vox
681 4503 753 4569 aut
789 4492 983 4569 lacrimae
1021 4497 1200 4566 movent.
1424 4524 1437 4562 a
