3164 5154
549 240 624 297 ΗΒ.
642 240 697 298 ΠΙ.
715 241 796 299 6-7.

183 437 277 514 Non
304 464 372 514 me
400 438 627 538 pelliciunt,
656 445 703 515 ut
732 439 913 515 Tiberim
941 446 1094 541 petam.

184 544 407 621 Sarranum
435 545 613 646 spolium
640 546 795 645 pallida
822 572 931 623 mors
958 548 1084 648 rapit,

235 651 398 727 Florem
429 676 520 728 sera
547 659 766 728 venustum

289 757 420 834 Aetas
449 758 641 835 debilitat
668 760 776 859 gelu.

184 901 336 977 Cursus
366 899 587 976 continuus
616 901 815 1002 temporis
844 901 963 977 inciti

181 1006 396 1106 Diffiingit
422 1005 594 1107 lapidee,
622 1032 829 1083 marmora
856 1007 1002 1103 deicit3

235 1112 388 1206 Pulvis,
414 1110 550 1188 fumus
579 1119 622 1189 et
649 1116 807 1208 umbra,

286 1220 369 1294 Hic
396 1219 595 1320 quidquid
621 1220 802 1296 nitidum
832 1221 996 1298 eminet.

181 1361 356 1438 Virtutis
384 1363 556 1438 thronus
587 1369 651 1437 est
679 1364 812 1438 solum
841 1364 1150 1441 adamantinus:

180 1469 273 1543 Lux
299 1494 378 1544 nec
407 1468 634 1568 deliquium
661 1494 741 1544 nec
767 1473 962 1547 tenebras
991 1470 1122 1547 timet.

232 1575 325 1650 Illic
352 1600 469 1653 mens
497 1600 591 1651 mea
617 1574 712 1667 fixa,

286 1682 480 1782 Regnare
509 1684 617 1758 hanc
644 1683 715 1757 ubi
743 1682 897 1762 videre.

180 1824 340 1898 Heroas
367 1824 528 1901 validos
556 1825 746 1900 laudibus
774 1824 872 1901 hinc
900 1824 998 1919 fero,

181 1930 262 2021 Qui
289 1929 450 2029 fregere
479 1931 606 2007 trucis
636 1956 792 2008 cornua
819 1932 1038 2032 Cynthiae,

234 2037 407 2114 Thracis
434 2062 565 2138 regna
591 2038 758 2139 tyranni

286 2143 551 2221 Prostravere
580 2145 707 2222 alacri
735 2170 872 2220 manu.

179 2284 259 2361 Vel
286 2285 431 2361 doctos
462 2287 636 2380 celebre,
665 2311 821 2386 magna
850 2285 1024 2363 scientia

181 2390 294 2482 Quos
321 2392 445 2491 vulgo
475 2392 621 2468 eximit
648 2400 691 2469 et
718 2393 829 2468 tollit
857 2394 911 2468 ad
939 2395 1110 2469 aethera

234 2497 315 2574 Seu
343 2496 539 2574 facundia
567 2499 687 2591 Tulli,

284 2605 440 2683 Vatum
469 2610 543 2682 aut
570 2605 768 2682 sollicitat
796 2607 932 2682 decus.

179 2744 384 2821 Terrenae
413 2745 584 2847 sophiae
612 2746 698 2820 sive
724 2747 937 2822 volumina

178 2850 440 2951 Naturaeque
467 2852 572 2929 libet
600 2853 806 2929 discutere
834 2854 987 2946 abdita,

233 2957 324 3048 Qua
352 2959 472 3034 stella
498 2959 666 3059 ingruat
691 2959 836 3054 imber,

289 3064 379 3155 Quo
407 3072 532 3142 vento
561 3071 722 3142 tumeat
748 3091 871 3158 mare,

179 3203 391 3281 Caelestes
420 3206 549 3282 animi
576 3233 662 3284 non
690 3208 819 3284 saturi
846 3214 989 3283 tamen

178 3309 273 3387 Istis
302 3317 399 3387 sunt
427 3314 585 3406 studiis,
615 3315 734 3414 plura
761 3315 1011 3412 recogitant:

229 3417 454 3494 Enituntur
480 3420 525 3495 in
553 3421 684 3496 altum

283 3525 338 3600 Et
364 3526 542 3602 tendunt
569 3527 624 3602 ad
652 3526 864 3625 originem.

177 3664 247 3741 Ad
275 3667 423 3742 summi
450 3667 589 3743 radios
616 3669 784 3744 luminis
813 3670 1022 3761 advolant,

175 3773 316 3850 Unum
344 3773 389 3848 in
417 3773 680 3874 lampadibus
708 3776 965 3877 perspiciunt
991 3777 1122 3853 tribus

230 3878 387 3978 Ignem,
415 3879 586 3956 flumine
613 3881 778 3958 iunctos

286 3985 389 4060 Tres
417 3986 526 4061 rivos
554 3988 721 4086 paribus
749 3988 878 4066 vadis.

176 4125 289 4201 Elias
315 4128 445 4204 veluti
474 4128 657 4205 curribus
686 4130 819 4230 igneis

176 4231 302 4332 Rapti
331 4233 500 4310 sidereis
529 4235 694 4312 sedibus
723 4237 955 4314 ambulant:

231 4339 368 4415 Terris
395 4341 523 4440 pallia
549 4341 742 4442 linquunt

284 4445 448 4522 Crebris
475 4454 577 4524 nota
606 4449 861 4525 tumultibus.
