3164 5154
611 227 685 285 LIB.
705 228 740 283 V.
760 228 875 286 15-17.
1319 236 1382 296 255

147 431 272 508 duere
298 428 452 505 iniusta
479 451 605 520 arma,
635 427 782 527 quibus
810 425 1028 503 minitatur
1052 426 1273 528 Olympus?

200 538 424 613 Lacessere
453 541 565 611 astra
592 557 707 610 more
735 533 988 632 terrigenum
1017 533 1149 610 truci?

147 644 269 721 litiae
296 645 364 718 lex
392 642 501 735 olim,
528 640 717 717 inimicas
745 640 898 742 pellere
926 647 1083 738 gentes,

202 749 356 826 Saevos
382 755 581 848 tyrannos
608 747 742 848 patrio
773 747 905 823 eicere
935 772 957 823 e
986 748 1086 838 solo,

147 856 334 934 ‚bsidium
357 863 430 931 aut
452 855 615 956 populis
640 860 784 931 contra
812 855 953 930 hostes
978 852 1082 929 ferre
1110 850 1325 929 modestis:

206 965 411 1041 Lacerare
438 961 605 1062 propria
632 967 746 1039 tecta
771 986 883 1036 nunc
909 960 1015 1037 ferro
1046 960 1168 1036 iuvat.

147 1071 277 1148 amite
304 1069 388 1145 iam
415 1074 516 1144 noto
544 1066 655 1145 fraus
685 1073 728 1143 et
756 1068 909 1144 delicta
936 1074 1157 1166 vagantur:

200 1177 347 1253 Insons
376 1176 528 1253 dolosis
556 1174 691 1251 noctis
719 1174 879 1250 insidiis
909 1174 1031 1249 cadit.
1342 1213 1367 1252 12

149 1285 239 1360 oria
261 1288 424 1384 quanta
451 1283 584 1358 virum
613 1282 647 1357 si
676 1281 891 1382 quisquam
910 1280 1043 1356 vincit
1061 1280 1273 1373 inermem,

202 1389 246 1467 Si
275 1390 413 1467 caedit
440 1395 513 1465 aut
539 1388 721 1465 sustollit
747 1388 938 1489 ingentes
967 1390 1091 1487 opes?

147 1497 287 1599 nplius
310 1496 468 1595 ingenii
488 1502 562 1571 aut
578 1519 774 1570 manuum
794 1495 855 1571 vis
880 1493 993 1571 haud
1010 1493 1123 1570 valet
1140 1518 1325 1594 usquam,

202 1605 427 1680 Tormenta
454 1603 701 1679 fulminante
730 1602 828 1677 dum
855 1607 973 1677 motu
1000 1601 1183 1676 fremunt
1342 1642 1366 1681 u

147 1711 403 1810 urendisque
431 1709 565 1811 aperit
591 1709 803 1787 Vulcanus
831 1708 998 1785 moenia
1024 1707 1216 1783 flammis:

200 1817 401 1918 Exempla
427 1842 533 1911 rara,
562 1822 609 1891 ut
637 1821 720 1891 stet
745 1816 808 1890 vir
836 1815 1030 1891 adversus
1059 1815 1202 1889 virum.

147 1925 252 2002 »bilis
281 1948 346 1999 ars
374 1925 531 2016 Martis,
562 1926 750 1999 crebrum
780 1922 999 1997 discrimen
1028 1921 1217 2012 amantis,

201 2032 318 2122 Quae
344 2031 510 2131 publice
539 2031 709 2106 docetur
736 2036 896 2106 armata
924 2029 968 2103 in
996 2030 1150 2121 schola,
1339 2072 1365 2112 20

147 2146 281 2239 >repta
309 2138 443 2213 estin
471 2137 682 2213 servitium
710 2161 820 2211 nuno
849 2135 986 2236 gentis
1015 2160 1172 2225 avarae,

204 2245 395 2321 Studium
425 2245 631 2320 latronum
660 2244 734 2319 lite
762 2243 926 2345 privata
953 2249 1110 2342 potens.

147 2378 188 2428 >n
217 2353 353 2443 decus,
383 2358 429 2426 at
455 2352 653 2452 praedam
680 2349 839 2425 venalis
867 2352 989 2425 turba
1016 2348 1188 2451 requirit

201 2458 429 2557 Pretioque
457 2464 593 2532 mutat
622 2463 762 2557 empta
789 2455 1003 2557 pugnandi
1030 2457 1154 2533 vices.

147 2566 265 2642 roelia
292 2565 527 2640 venduntur
555 2564 749 2664 dubiique
778 2563 962 2663 pericula
989 2587 1107 2638 casus

201 2672 241 2747 A
271 2672 443 2748 ducibus
472 2677 515 2747 et
542 2671 755 2754 militibus,
785 2670 944 2744 immite
973 2670 1054 2744 heu
1081 2668 1211 2745 nefas!

147 2777 204 2854 rid
231 2779 375 2854 Decii?
403 2778 547 2853 Fabii?
577 2778 673 2879 quid
701 2778 828 2853 fortes
857 2774 1104 2851 Aemiliani?

202 2884 310 2976 Quid
339 2884 580 2987 Scipionum
608 2887 733 2960 robur
761 2891 885 2983 atque
913 2908 1008 2958 acer
1035 2881 1177 2981 vigor?

147 2998 178 3066 1!
209 2993 381 3091 languet
408 2992 536 3069 virtus
564 2991 608 3066 in
635 2992 906 3067 bellatoribus
934 2989 1023 3065 istis

199 3098 288 3175 Nec
316 3099 451 3175 calcar
479 3099 595 3174 addit
621 3100 758 3174 laurus
789 3097 949 3197 ignavis
978 3103 1108 3171 vetus.

147 3205 295 3281 >manis
324 3205 496 3305 dignum
524 3205 622 3305 quid
650 3211 778 3304 agant
805 3204 999 3280 heroibus
1028 3227 1127 3278 auro

199 3313 357 3388 Laetae
386 3313 587 3404 cohortes,
617 3312 770 3410 proditi
799 3312 977 3386 nummis
1006 3310 1155 3387 duces?
1338 3358 1364 3397 u

147 3443 228 3495 iam
256 3417 411 3495 famam
441 3421 585 3495 ductus
614 3419 732 3493 miles
761 3419 952 3493 mercede
982 3423 1170 3509 meretur,

198 3526 409 3602 Pecuniae
439 3526 506 3627 qui
536 3525 662 3601 servit
691 3533 733 3602 et
759 3526 921 3625 plutum
951 3525 1073 3599 colit?

657 3742 815 3749 ———

679 3861 793 3927 XVH.

324 4023 592 4100 HUMANAE
619 4023 785 4100 VITAE
814 4023 1134 4102 CALAllllTAS.

199 4180 345 4278 Imago
375 4182 524 4256 summi
552 4183 703 4275 Patris,
734 4184 894 4284 effigies
923 4185 990 4260 dei
1214 4198 1263 4254 fol.
1284 4199 1354 4255 115¹·

200 4286 314 4376 Quot
341 4288 528 4364 cladibus
558 4291 766 4367 subiectus
795 4298 838 4366 et
866 4292 1027 4367 damnis
1055 4294 1199 4367 homo!

202 4392 282 4468 Vix
308 4393 412 4469 lucis
441 4419 561 4471 auras
590 4397 732 4471 matris
762 4423 949 4496 egressus
978 4399 1069 4472 sinu

199 4499 403 4576 Tremulis
432 4503 572 4577 ocellis
601 4504 739 4579 haurit
767 4511 809 4579 et
835 4504 984 4580 fruitur
1012 4505 1088 4596 die,
