3164 5154
695 219 908 275 CARMINUM

325 418 411 492 Nec
439 419 651 517 praecelsa
677 418 788 517 rapit
816 424 979 518 sceptra
1005 418 1206 518 poeticus.

324 524 484 600 Nullius
514 525 680 600 sceleris
708 550 825 600 mens
854 525 932 600 sibi
961 526 1140 616 conscia,

323 632 513 708 Flamma
539 639 740 731 perpetua
766 631 946 706 numinis
975 640 1183 726 aestuans

323 739 464 814 Laetis
494 739 698 838 excipitur
725 738 890 814 sedibus
920 739 1096 815 aetheris
1396 794 1416 832 n

323 847 377 919 Et
405 846 557 920 blanda
585 845 732 921 fruitur
759 846 850 921 luce
880 846 945 921 dei
975 846 1131 946 optimi.

772 1323 837 1387 IX.

589 1485 755 1562 VITAE
783 1485 1015 1563 MISERIA.

321 1664 497 1738 Mortem
517 1662 615 1761 quid
629 1664 794 1738 horres?
825 1663 922 1763 quid
948 1662 1120 1764 pavidus
1140 1662 1265 1762 fugis,
1295 1680 1345 1735 fol.
1362 1681 1409 1736 le·

326 1771 378 1845 L't
405 1771 521 1845 Pane
549 1771 636 1845 viso
669 1771 864 1869 nympha,
895 1769 1076 1870 pericula

375 1879 570 1952 Tractare
599 1883 745 1968 certus,
775 1880 895 1952 rebus
925 1877 1023 1952 artis

428 1984 521 2059 Non
548 1983 735 2058 modicas
763 1984 938 2059 tolerare
968 1984 1130 2059 clades?
1411 2040 1421 2078 ,

322 2144 428 2234 Quid
457 2144 543 2218 vita
570 2143 740 2218 tandem
767 2151 920 2235 nestra,
951 2144 1049 2243 quid
1077 2150 1149 2235 est,
1176 2143 1260 2220 nisi

320 2251 499 2325 Mendax
527 2250 677 2348 image,
706 2251 863 2325 ludicra
890 2250 1031 2326 fabula

375 2357 437 2432 Ac
465 2358 610 2431 umbra
638 2383 797 2447 scenae,
828 2382 932 2456 quae
961 2365 1130 2434 cruento

428 2463 641 2538 Clauditur
669 2463 794 2539 exitio
824 2463 1083 2564 frequenter?

319 2625 427 2716 Quid
457 2624 548 2698 dice
577 2625 727 2698 finem?
756 2624 944 2722 Respice,
975 2624 1137 2700 casibus

320 2732 494 2807 Obiecta
522 2737 622 2830 quot
649 2730 702 2805 sit
731 2730 914 2806 t1istibus
944 2735 986 2805 et
1015 2730 1144 2806 dolis:

372 2839 555 2912 Mentem
586 2836 712 2928 dolor,
743 2837 927 2912 vindicta
954 2844 1101 2931 versat,

424 2943 622 3044 Exagitet
649 2943 773 3019 timor
801 2950 843 3019 et
871 2943 1033 3043 cupido.

318 3104 427 3195 Quid
453 3106 620 3178 morbus
649 3107 790 3178 atrox?
821 3103 909 3179 dira
938 3103 1144 3178 calumnia

319 3212 410 3284 Nun
439 3211 682 3284 innocentes
712 3211 892 3284 crebrius
922 3210 1082 3285 obruit?

371 3319 464 3391 Non
493 3317 628 3393 vultus
661 3316 854 3392 instantis
883 3318 1048 3416 tyranni

424 3423 646 3499 Exanimat
673 3424 903 3522 metuitque
931 3425 1119 3523 plebem?
1397 3476 1416 3516 e

318 3581 425 3670 Quid
454 3582 573 3673 bella,
605 3584 777 3658 caedes?
808 3582 906 3682 quid
935 3583 1024 3658 sitis
1054 3588 1096 3659 et
1123 3582 1281 3660 fames?

318 3689 458 3763 Hostis
489 3691 653 3789 superbi
683 3696 838 3789 quanta
864 3689 1044 3766 ferocia?

371 3795 482 3884 Quos
513 3797 613 3871 dura
640 3804 860 3897 paupertas
889 3797 1050 3873 labores

423 3903 590 3977 Invehit
619 3908 660 3978 et
687 3904 859 3978 miseros
888 3905 1112 3979 tumultus?
1396 3955 1418 3995 a

314 4061 437 4135 Exire
464 4063 618 4136 mundo
650 4089 744 4137 cum
774 4063 933 4138 Seneca
961 4064 1084 4154 iuvet,

314 4167 524 4243 Immensa
553 4194 714 4269 semper
743 4195 865 4267 quam
894 4171 1005 4245 mala
1032 4171 1203 4270 perpeti,

367 4276 574 4350 Probrosa
603 4302 726 4374 quam
755 4285 940 4376 specta-rc
970 4278 1121 4352 damna

421 4384 473 4456 Et
500 4382 682 4481 trepidos
711 4384 853 4482 populi
880 4383 1046 4460 furores
