3164 5154
562 233 637 292 LIB.
655 234 695 292 11.
714 235 795 294 5-7.

283 429 367 507 Sed
392 432 537 510 labant
562 432 660 510 vino
689 432 808 533 digiti
835 441 1018 536 repente,

281 537 444 639 Lingua
472 540 682 640 torpeseit‚
711 541 872 618 nebulis
899 549 1095 643 tegrmtur

279 646 470 739 Lumina,
501 649 721 723 obscurum
748 648 916 749 gemina
941 648 1117 750 refulget

386 753 500 830 Luoe
528 753 677 832 eubile.

281 912 427 989 Oderis
455 912 680 1007 Baoohum‚
710 914 920 991 malesane
947 923 1078 1009 vates,

279 1020 420 1096 Mente
449 1020 484 1096 si
512 1025 658 1099 saneta
685 1021 826 1122 oupias
854 1020 991 1123 potiri,

279 1127 445 1203 Frontis
475 1135 518 1204 et
543 1127 720 1204 florente
746 1127 890 1206 iuvent
916 1130 1094 1206 honores

386 1234 496 1313 Vere
524 1234 730 1313 iuventae.

280 1393 502 1494 Crapulam
529 1393 656 1471 vites:
684 1393 835 1471 nimios
862 1394 1025 1471 labores

278 1501 397 1576 Haeo
424 1500 534 1601 parit
561 1501 766 1593 membris,
794 1500 934 1576 animo
965 1502 1135 1596 dolores,

277 1607 395 1684 Haeo
425 1607 550 1684 saeris
576 1632 804 1709 numquam
832 1608 979 1684 studiis
1007 1609 1143 1686 amica

384 1714 527 1791 Nescit
556 1715 795 1815 Olympum:

277 1874 431 1950 Laudis
459 1875 564 1951 haee
592 1876 747 1965 tumba,
776 1874 934 1976 ingenii
963 1874 1203 1975 Charybdis.

278 1980 478 2058 Attamen
505 1982 666 2081 magnis
694 1982 834 2059 miseri
860 2007 1052 2084 paramus

278 2087 517 2187 Sumptibus
546 2089 756 2164 damnum:
786 2088 930 2190 pigeat
956 2089 1132 2167 Falerno

382 2195 562 2272 Perdere
590 2203 796 2272 nummos!

665 2795 743 2862 VII.

462 3009 640 3087 POETA
668 3008 944 3090 LASCIVUS.

276 3222 404 3298 Multo
432 3223 571 3322 Lyaeo
601 3223 712 3322 quod
739 3223 852 3299 oanis
880 3225 1014 3303 ebrius
1191 3242 1240 3297 for
1258 3241 1321 3298 80¹·
1399 3270 1406 3287 ν

277 3327 464 3420 Carmen,
483 3328 721 3405 Melander?
741 3355 842 3430 quos
862 3332 994 3431 aperis
1014 3333 1130 3410 dolos

327 3434 476 3513 Vafros
505 3441 752 3512 amantum?
781 3464 861 3537 quo
890 3463 1048 3516 veneno

380 3543 535 3618 Imbuis
563 3544 776 3641 ingenium
804 3544 1023 3621 iuventae?

274 3701 363 3777 Iam
390 3703 524 3802 vergit
552 3708 666 3779 aetas
695 3704 739 3778 in
767 3705 927 3779 senium
954 3712 1037 3797 tua,

273 3809 393 3885 Mixti
422 3810 580 3912 capillis
609 3817 706 3885 sunt
731 3811 842 3886 nivei
869 3811 1012 3910 nigris,

326 3915 484 3995 Infesta
511 3917 635 3994 tussis
663 3918 802 4016 prodit
829 3918 942 4016 aegri

381 4024 573 4125 Corporis
601 4024 712 4100 haud
739 4022 904 4101 facilem
931 4025 1126 4101 laborem.

272 4181 312 4257 A
340 4182 579 4278 fabularum,
606 4185 771 4277 suadeo,
802 4183 967 4260 ludioris

272 4288 441 4367 Absiste
470 4292 657 4369 tandem:
684 4290 817 4390 gloria
843 4315 941 4367 nam
969 4290 1070 4367 levis

324 4399 358 4472 E
388 4398 577 4498 Cypridis
605 4398 743 4500 prodit
770 4397 897 4475 oubili

378 4508 467 4582 Aut
495 4506 627 4582 dubiis
655 4504 771 4607 pueri
799 4504 973 4605 sagittis.

1192 4622 1226 4679 12
