3164 5154
696 249 899 305 SILVARUM

753 448 849 513 XVI.

504 612 737 690 HUMANA
766 609 1101 688 FRAGILITAS.

372 771 508 848 Ardor
535 778 582 848 ut
609 771 706 847 solis
734 770 913 869 glaciem
940 769 1119 859 resolvit,
1273 784 1318 839 fol
1335 785 1392 839 194¹·

372 879 546 956 Labitur
573 878 686 953 silvis
713 877 859 953 folium
885 883 1069 978 repente,

374 986 443 1063 Sie
472 984 585 1060 eadit
613 1010 774 1085 eorpus,
805 985 930 1084 Tyrio
960 986 1182 1084 superbum

480 1091 544 1168 Sit
570 1092 669 1167 lieet
697 1100 827 1168 ostro:

373 1253 525 1328 Forma
554 1252 651 1325 dum
681 1251 815 1350 surgit
840 1250 961 1325 viridi
988 1251 1134 1343 nitore,

373 1359 550 1459 Regiam
579 1359 693 1434 eaeoi
721 1358 839 1458 pueri
868 1364 1042 1434 coronat

374 1466 548 1541 Floridis
577 1465 708 1555 sertia,
738 1465 876 1541 stabili
905 1472 1080 1563 tyranno

480 1572 665 1647 Foedere
694 1573 894 1648 iunetum.

374 1731 455 1808 Ast
481 1731 552 1807 ubi
582 1757 625 1807 se
653 1738 854 1832 perpetuo
881 1731 1022 1830 vigere

376 1840 520 1916 Credit
548 1863 598 1914 ae
625 1846 775 1938 sperat,
805 1838 883 1913 sibi
913 1839 1016 1913 dura
1044 1838 1177 1913 cernit

375 1947 481 2022 Fata
509 1944 715 2020 crudelem
743 1945 948 2021 Lachesin
976 1969 1133 2045 parare,

482 2052 657 2141 Funera,
687 2052 827 2128 letum.

377 2212 523 2289 Calcat
549 2212 593 2286 in
621 2213 739 2286 terris
768 2213 892 2310 horno
921 2237 1033 2302 saxa,
1063 2211 1202 2311 spinas

379 2318 444 2394 Ao
471 2343 599 2409 rosas,
627 2325 768 2395 versat
796 2319 912 2395 dolor
941 2327 984 2396 et
1010 2319 1213 2418 voluptas,

376 2425 579 2501 Turbidus
606 2433 753 2502 ventos
781 2426 942 2525 pelago,
973 2426 1134 2527 quietas

482 2532 608 2607 Novit
636 2540 679 2609 et
705 2533 848 2608 undas.

376 2693 526 2767 Fessus
554 2692 651 2767 hino
680 2692 834 2767 solacia
860 2694 975 2769 lenta
1000 2718 1164 2768 meeum

376 2798 542 2874 Pectori
570 2805 756 2899 praestat
782 2801 965 2899 graviter
991 2799 1185 2898 gementi,

379 2905 422 2981 Si
451 2906 534 2980 suis
561 2913 717 2982 metam
743 2906 921 3007 lapidem
953 2907 1095 2983 diebus

484 3013 646 3089 Ponere
675 3013 820 3089 diseat.

746 3383 861 3449 XVII.

401 3541 616 3620 ACERBA
644 3543 793 3621 MORS
821 3545 1212 3623 REDEMPTORIS.

379 3702 585 3802 Lugubris
615 3727 720 3802 quae
749 3728 873 3779 soena
899 3702 988 3797 fuit,
1018 3705 1227 3781 theatrum
1276 3723 1326 3779 ror.
1345 3724 1410 3779 195²·

380 3810 585 3887 Caedibus
615 3810 778 3885 crudele
805 3810 913 3903 feris,
944 3812 1054 3910 quod
1081 3819 1233 3912 aequet

379 3917 555 4016 Impium
586 3917 723 4015 gentis
751 3917 910 3993 faeinus
938 3920 1005 3993 vel
1033 3924 1152 3995 atrox

488 4022 654 4098 Crimen
681 4023 922 4100 Hebraeae?

382 4182 584 4258 Conditor
611 4183 721 4258 celsa
749 4186 867 4260 trabe
894 4185 1049 4285 pendet
1078 4185 1199 4276 orbis,

381 4290 497 4366 Inter
524 4290 727 4366 immanes
756 4292 915 4367 medius
943 4292 1137 4382 latrones,

381 4397 542 4496 Figitur
569 4397 707 4488 clavis,
736 4397 828 4473 fluit
856 4399 953 4474 hino
983 4405 1024 4474 et
1050 4399 1147 4474 inde

490 4502 701 4603 Sanguine
729 4504 850 4580 rivus.
