3164 5154
699 237 902 296 SILVARUM

322 438 417 514 Non
444 440 580 537 parcit
606 437 680 512 ulli
707 435 819 513 fama
846 436 1049 530 volubilis,

323 545 418 621 Non
446 544 552 637 aula,
582 544 768 645 quamvis
798 543 852 620 sit
878 546 1029 643 gradus
1057 543 1206 621 altior:

378 651 563 727 Sublime
592 652 756 727 culmen
784 650 998 750 dignitatis

430 757 616 835 Invidiae
644 763 762 859 patet
792 783 843 833 ac
870 757 1026 834 ruinae.

324 918 509 994 Mentem
536 917 768 993 modestam
795 917 958 994 laedere
986 917 1128 994 nescia

324 1025 509 1101 Fortuna
537 1024 627 1100 dira
654 1024 822 1126 cuspide
850 1025 1025 1124 proterit

377 1133 532 1208 Pectus
561 1134 790 1232 superbum.
817 1131 957 1208 Rebus
985 1131 1086 1208 artis

434 1238 545 1330 Quos
573 1238 701 1314 animi
730 1238 898 1314 miseret
924 1237 1147 1315 tumentis?
1399 1289 1420 1328 s

720 1716 889 1785 XXXVI.

660 1896 798 1975 LAUS
826 1897 953 1974 VINI.

325 2074 476 2150 Audax
503 2072 637 2173 Iapeti
666 2098 795 2173 genus
1298 2089 1347 2147 for.
1364 2090 1414 2144 rs·

431 2182 578 2278 Ignem
607 2206 701 2255 cum
729 2180 914 2256 aetheria
941 2180 1137 2282 surripuit
1164 2181 1301 2273 dome,

327 2287 477 2364 Clausa
505 2287 548 2361 in
575 2287 726 2386 pyxide
757 2311 950 2386 gemmea

433 2394 651 2470 Pandorae
679 2394 868 2469 manibus
895 2396 1018 2471 turba
1044 2393 1122 2470 fuit
1148 2395 1261 2482 mali,
1414 2449 1425 2485 r

324 2504 386 2576 Ex
415 2527 496 2602 qua
523 2500 710 2600 protinus
741 2501 844 2577 exiit

431 2609 667 2684 Morborum
697 2633 818 2683 omne
847 2633 989 2706 genus,
1026 2608 1178 2702 taedia,
1210 2609 1391 2700 servitus,

323 2717 564 2815 Paupertas,
595 2714 766 2806 senium,
795 2714 922 2806 labor,

431 2824 586 2897 Luctus
614 2819 816 2907 funereus,
846 2821 948 2896 dura
975 2821 1118 2914 fames,
1146 2821 1262 2898 furor
1415 2876 1426 2913 Β

323 2931 377 3006 Et
403 2929 555 3003 mixtus
584 2927 765 3005 lacrimis
795 2928 921 3004 dolor.

430 3036 544 3112 Inter
572 3036 725 3112 damna
752 3042 894 3110 tamen
921 3035 1103 3135 pessima
1131 3042 1221 3112 erat
1249 3036 1352 3128 sitis,

325 3143 440 3233 Quae
468 3141 593 3218 labris
623 3142 718 3217 tulit
745 3141 869 3217 aridis

430 3251 481 3325 Et
508 3249 629 3324 siccis
657 3248 831 3323 nimium
858 3249 1046 3325 faucibus
1074 3248 1186 3324 haud
1213 3249 1305 3324 leve
1402 3300 1425 3340 1,

325 3357 543 3449 Quondam
572 3355 830 3455 supplicium.
860 3357 979 3433 Licet

429 3462 699 3563 Largirentur
726 3488 855 3562 aquas
882 3464 1055 3564 limpida,
1081 3462 1256 3538 flumina

323 3573 376 3647 Et
403 3569 537 3646 fontes
565 3570 737 3645 laticum
767 3569 879 3662 satis,

428 3676 654 3774 Dedignati
682 3676 870 3751 homines
899 3682 1006 3769 sunt,
1036 3676 1132 3775 quia
1160 3676 1308 3752 ceteris
1403 3726 1424 3766 ¹⁶

325 3785 574 3861 Communes
603 3782 860 3859 animalibus.

430 3890 624 3966 Adflictis
653 3889 844 3965 Bromius
873 3890 982 3965 solus
1012 3894 1102 3964 erat
1130 3889 1242 3965 salus

322 3998 433 4072 Hinc
463 3997 716 4086 mortalibus,
747 4021 870 4071 aureo

432 4104 605 4193 Quando
634 4128 732 4178 vase
759 4109 907 4202 potens
937 4102 1145 4178 distribuit
1172 4127 1343 4193 merum,
1401 4152 1423 4191 ,θ

325 4211 444 4302 Quod
472 4212 627 4311 primus
655 4210 809 4311 reperit
838 4210 948 4301 deus,

430 4317 569 4416 Atque
599 4321 740 4392 orbem
770 4318 912 4393 docuit
938 4315 1124 4392 laetitiae
1153 4315 1274 4391 dator

323 4426 433 4502 Vino
463 4425 598 4500 tristia
626 4424 790 4524 pellere,

430 4532 610 4607 Terreno
642 4531 786 4607 dubias
814 4554 998 4630 mergere
1026 4536 1194 4606 nectare
1400 4578 1422 4618 u
