3164 5154
702 247 905 303 SILVARUM

377 447 437 522 Te
464 454 606 522 tamen
634 445 813 547 prudens
841 470 1003 535 moneo,
1033 444 1231 522 iuventae

376 555 437 630 Ne
464 551 589 629 nimis
617 552 732 629 fidas,
785 552 935 627 Mulier
961 551 1205 652 frequenter

378 660 522 738 Cordis
550 665 614 736 est
641 659 748 751 duri,
776 659 967 760 precibus
994 661 1060 735 vel
1088 659 1175 736 irae

484 767 660 843 Credere
686 766 833 858 nescit,

376 927 481 1003 Vela
508 927 580 1003 sed
608 925 734 1002 vertit
761 926 920 1028 cupide,
951 927 1120 1002 secundi

376 1035 486 1109 Dum
513 1041 664 1110 vocent
690 1033 814 1110 venti.
870 1033 1064 1133 Reperire
1091 1034 1232 1134 plures

375 1141 518 1218 Mobili
546 1141 678 1243 possis
707 1140 857 1232 enimc,
886 1140 998 1216 fideli

484 1247 662 1324 Cernere
690 1272 853 1349 paucas.

753 1847 850 1938 xiv.

340 2061 619 2157 AGENDUM,
648 2060 766 2140 DUM
794 2059 960 2139 VIGET
989 2062 1274 2142 IUVENTUS.

374 2274 531 2352 Aeolus
558 2275 674 2350 laxat
701 2298 776 2349 sua
804 2275 984 2351 claustra
1011 2276 1157 2365 ventis,
1272 2291 1321 2346 rol.
1339 2293 1402 2348 193¹·

375 2380 572 2459 Concutit
599 2381 723 2457 silvas
750 2380 970 2481 Aquilonis
999 2383 1152 2474 horror,

375 2489 575 2566 Saeviunt
601 2488 740 2564 tristes
767 2489 915 2588 pelago
943 2490 1160 2589 procellae,

480 2594 676 2695 Aequora
702 2595 865 2672 tollunt.

374 2755 541 2855 Frigido
571 2780 614 2831 se
643 2754 769 2831 vestit
795 2754 928 2831 hiems
956 2756 1123 2844 amictu,

375 2863 545 2940 Scilicet
573 2862 674 2937 dura
702 2861 849 2961 glacie,
877 2861 1044 2963 pruinis,

374 2970 486 3046 Rura
513 2976 763 3070 sparguntur
788 2968 961 3062 nivibus,
988 2971 1146 3046 relucet

480 3075 671 3176 Undique
700 3076 866 3152 candor.

375 3235 601 3336 Stringitur
627 3235 781 3311 flumen
808 3235 956 3336 gelidis
986 3236 1169 3314 catenis:

378 3344 467 3435 Quo
494 3343 608 3446 prius
636 3367 763 3419 naves
792 3340 927 3420 ierant
952 3342 1199 3445 frequentes,

374 3451 495 3526 Nunc
523 3449 638 3526 vehit
666 3475 807 3526 currus
834 3450 1019 3551 patiente
1049 3452 1169 3527 dorso

479 3557 672 3634 Pondere
700 3556 877 3658 quaevis.

375 3717 591 3816 Temporis
619 3716 776 3793 fructus
805 3717 954 3793 sterilis
982 3743 1058 3793 nec
1088 3726 1210 3820 optat
1408 3813 1412 3825 .

375 3826 460 3901 Nec
490 3824 611 3901 metit
639 3824 871 3924 quisquam:
900 3825 1018 3901 labor
1046 3832 1109 3902 est
1137 3827 1289 3920 inanis,

377 3931 419 4008 Si
449 3931 560 4006 colas
589 3957 722 4030 agros,
751 3931 856 4006 nihil
884 3931 979 4008 inde
1007 3932 1109 4008 lucri

480 4037 665 4138 Percipis
694 4063 901 4138 umquam.

374 4199 488 4273 Hora
517 4199 614 4273 dum
641 4197 762 4274 flores
791 4199 948 4297 gremio
978 4201 1139 4276 reducit

375 4303 552 4383 Abditos
580 4305 746 4399 telluris,
773 4331 950 4383 amoena
978 4307 1108 4406 surgit

376 4412 482 4488 Vere
510 4418 758 4513 tempestas:
788 4418 975 4489 teneram
1004 4415 1219 4491 iuventam

480 4521 685 4596 Provocet
713 4520 844 4597 ardor.
