3164 5154
474 246 548 304 LIB.
567 245 607 302 Π.
626 248 741 305 15-17.

180 449 312 525 Nocte
340 472 425 525 non
453 472 619 523 somnus
648 445 835 523 madidos
864 446 1018 522 ocellos

181 555 384 632 Lacrimis
413 553 574 645 clausit,
606 553 766 630 Cereris
794 577 871 628 nee
899 553 983 630 ulla

183 662 292 739 Oura
318 662 384 737 vel
412 660 569 736 Bacchi
597 686 675 737 nee
704 667 820 736 erant
847 660 1036 737 levamen
1209 710 1234 751 u

290 767 486 844 Carmina
512 768 634 844 laeta.

179 928 349 1005 Pecton'
377 927 577 1003 haerebat
605 927 765 1028 species
794 950 970 1002 amoena

182 1035 353 1136 Semper
382 1041 424 1111 et
450 1034 581 1110 vimus
609 1041 777 1110 tenerae
805 1033 980 1133 puellae,

179 1142 338 1219 Noricis
367 1166 473 1242 quae
500 1166 631 1242 nuper
659 1140 772 1216 abire
800 1139 899 1240 ripis

286 1249 403 1325 Iussa
431 1248 584 1324 dolose.

179 1407 261 1485 Sed
287 1434 381 1485 meo
408 1433 530 1484 suasu
557 1408 734 1484 nebulae
761 1415 958 1500 remotae,

178 1516 326 1616 Turpis
356 1522 398 1592 et
424 1514 536 1591 fraus
564 1514 735 1590 consilio
762 1521 930 1606 retecta,

178 1623 333 1698 Rursus
362 1628 405 1698 et
430 1628 573 1698 nostra
598 1622 767 1722 regione
795 1621 949 1697 mansit

287 1728 475 1806 Candida
501 1729 696 1829 nympha.

177 1888 287 1964 Hine
315 1895 408 1964 tuos
436 1888 553 1988 ignes
582 1888 798 1964 moderare
826 1889 1026 1990 prudens:

178 1996 323 2071 Nullus
352 1994 539 2072 adfectus
568 1995 711 2071 domet
738 1995 959 2094 impotenti

177 2102 351 2203 Impetu
381 2101 507 2177 dueat
532 2102 656 2179 ratio:
686 2125 856 2178 neeesse

288 2208 444 2286 Cedere
471 2209 650 2285 tandem

544 2810 658 2877 XVII.

366 3025 549 3102 POENA
577 3026 840 3104 LIBIDINIS.

179 3235 248 3310 Ad
275 3236 428 3313 flumen
456 3237 548 3312 Indi
577 3238 746 3314 tendere
774 3263 841 3314 me
870 3239 994 3333 iuvet,
1104 3254 1225 3311 f01.85=·

179 3344 375 3419 Extrema
404 3344 562 3444 Gangis
590 3346 723 3421 visere
750 3346 874 3422 litora

232 3448 320 3525 Aut
348 3452 457 3527 orbis
486 3451 630 3527 Arctoi
659 3453 826 3553 pruinas

284 3558 363 3635 Vel
389 3559 547 3658 Libyae
576 3559 731 3635 calidas
760 3561 946 3650 harenas,

177 3717 240 3792 Ne
267 3717 366 3792 fieta
393 3718 522 3793 virtus
550 3727 735 3795 nostram
765 3718 895 3794 aciem
924 3723 1086 3818 premat

177 3823 231 3899 Et
260 3823 465 3900 eastitatis
493 3826 610 3902 ludat
638 3825 844 3925 imagine:

230 3930 378 4006 Vultus
407 3957 582 4025 severus,
611 3932 758 4008 frontis
784 3933 928 4009 horror

283 4037 557 4116 Dissimulant
585 4041 768 4115 animum
795 4043 1027 4115 nocentem.

179 4196 260 4272 Sed
287 4205 387 4272 nota
415 4199 541 4291 labes,
573 4225 696 4298 quam
724 4199 840 4299 pueri
870 4197 1006 4274 sciunt

177 4304 230 4378 Et
258 4303 504 4380 feminarum
531 4307 671 4406 prodit
698 4305 891 4396 inanitae,

229 4412 461 4510 Fastigium
488 4414 664 4513 primum
695 4439 899 4514 occupare

285 4518 401 4609 Quae
430 4521 602 4620 eupiunt
630 4520 672 4595 in
701 4521 852 4596 amoris
881 4526 1008 4595 aestu.
