<?xml version="1.0" encoding="UTF-8"?>
<!DOCTYPE html PUBLIC "-//W3C//DTD XHTML 1.0 Transitional//EN"
    "http://www.w3.org/TR/xhtml1/DTD/xhtml1-transitional.dtd">
<html xmlns="http://www.w3.org/1999/xhtml" xml:lang="en" lang="en">
 <head>
  <title>
</title>
<meta http-equiv="Content-Type" content="text/html;charset=utf-8" />
  <meta name='ocr-system' content='tesseract 3.04.00' />
  <meta name='ocr-capabilities' content='ocr_page ocr_carea ocr_par ocr_line ocrx_word'/>
</head>
<body>
  <div class='ocr_page' id='page_1' title='image "./psimonrettenbac00lehngoog/psimonrettenbac00lehngoog_0221.png"; bbox 0 0 3164 5154; ppageno 0'>
   <div class='ocr_carea' id='block_1_1' title="bbox 700 228 907 287">
    <p class='ocr_par' dir='ltr' id='par_1_1' title="bbox 700 228 907 287">
     <span class='ocr_line' id='line_1_1' title="bbox 700 228 907 287; baseline -0.01 0"><span class='ocrx_word' id='word_1_1' title='bbox 700 228 907 287; x_wconf 76' lang='lat' dir='ltr'><strong>SILVARUM</strong></span> 
     </span>
    </p>
   </div>
   <div class='ocr_carea' id='block_1_2' title="bbox 274 430 1332 3199">
    <p class='ocr_par' dir='ltr' id='par_1_2' title="bbox 274 430 864 532">
     <span class='ocr_line' id='line_1_2' title="bbox 274 430 864 532; baseline -0.005 -25"><span class='ocrx_word' id='word_1_2' title='bbox 274 433 518 532; x_wconf 81' lang='lat' dir='ltr'>Tempestas</span> <span class='ocrx_word' id='word_1_3' title='bbox 547 438 640 507; x_wconf 86' lang='lat' dir='ltr'>ruat</span> <span class='ocrx_word' id='word_1_4' title='bbox 666 430 864 505; x_wconf 85' lang='lat' dir='ltr'>imbribus</span> 
     </span>
    </p>

    <p class='ocr_par' dir='ltr' id='par_1_3' title="bbox 276 536 1179 745">
     <span class='ocr_line' id='line_1_3' title="bbox 381 536 1179 629; baseline -0.003 -17"><span class='ocrx_word' id='word_1_5' title='bbox 381 537 523 613; x_wconf 86' lang='lat' dir='ltr'>Mixtis</span> <span class='ocrx_word' id='word_1_6' title='bbox 550 536 802 629; x_wconf 86' lang='lat' dir='ltr'>fulminibus,</span> <span class='ocrx_word' id='word_1_7' title='bbox 831 543 985 613; x_wconf 89' lang='lat' dir='ltr'>terreat</span> <span class='ocrx_word' id='word_1_8' title='bbox 1011 536 1179 614; x_wconf 85' lang='lat' dir='ltr'>horrida</span> 
     </span>
     <span class='ocr_line' id='line_1_4' title="bbox 276 643 883 745; baseline -0.003 -24"><span class='ocrx_word' id='word_1_9' title='bbox 276 645 467 745; x_wconf 86' lang='lat' dir='ltr'>Campos,</span> <span class='ocrx_word' id='word_1_10' title='bbox 497 668 688 743; x_wconf 90' lang='lat' dir='ltr'>aequora,</span> <span class='ocrx_word' id='word_1_11' title='bbox 717 643 883 719; x_wconf 92' lang='lat' dir='ltr'>moenia</span> 
     </span>
    </p>

    <p class='ocr_par' dir='ltr' id='par_1_4' title="bbox 276 751 1218 937">
     <span class='ocr_line' id='line_1_5' title="bbox 380 751 1218 843; baseline -0.002 -17"><span class='ocrx_word' id='word_1_12' title='bbox 380 753 434 827; x_wconf 87' lang='lat' dir='ltr'>Et</span> <span class='ocrx_word' id='word_1_13' title='bbox 461 751 584 826; x_wconf 89' lang='lat' dir='ltr'>tellus</span> <span class='ocrx_word' id='word_1_14' title='bbox 611 758 789 843; x_wconf 86' lang='lat' dir='ltr'>moveat,</span> <span class='ocrx_word' id='word_1_15' title='bbox 821 751 1033 827; x_wconf 80' lang='lat' dir='ltr'>concutiat</span> <span class='ocrx_word' id='word_1_16' title='bbox 1061 751 1218 840; x_wconf 90' lang='lat' dir='ltr'>domos,</span> 
     </span>
     <span class='ocr_line' id='line_1_6' title="bbox 276 857 809 937; baseline -0.008 -1"><span class='ocrx_word' id='word_1_17' title='bbox 276 859 406 937; x_wconf 82' lang='lat' dir='ltr'>Oelsis</span> <span class='ocrx_word' id='word_1_18' title='bbox 432 858 551 933; x_wconf 87' lang='lat' dir='ltr'>ludat</span> <span class='ocrx_word' id='word_1_19' title='bbox 578 864 620 933; x_wconf 91' lang='lat' dir='ltr'>et</span> <span class='ocrx_word' id='word_1_20' title='bbox 647 857 809 933; x_wconf 80' lang='lat' dir='ltr'><strong>arcibus</strong></span> 
     </span>
    </p>

    <p class='ocr_par' dir='ltr' id='par_1_5' title="bbox 274 961 1329 1169">
     <span class='ocr_line' id='line_1_7' title="bbox 380 961 1329 1056; baseline -0.005 -16"><span class='ocrx_word' id='word_1_21' title='bbox 380 963 446 1041; x_wconf 84' lang='lat' dir='ltr'>Ao</span> <span class='ocrx_word' id='word_1_22' title='bbox 474 971 564 1040; x_wconf 94' lang='lat' dir='ltr'>toto</span> <span class='ocrx_word' id='word_1_23' title='bbox 595 967 692 1040; x_wconf 90' lang='lat' dir='ltr'>orbe</span> <span class='ocrx_word' id='word_1_24' title='bbox 711 964 852 1038; x_wconf 82' lang='lat' dir='ltr'>minax</span> <span class='ocrx_word' id='word_1_25' title='bbox 870 963 980 1038; x_wconf 91' lang='lat' dir='ltr'>Mars</span> <span class='ocrx_word' id='word_1_26' title='bbox 999 961 1157 1056; x_wconf 78' lang='lat' dir='ltr'>fremat</span> <span class='ocrx_word' id='word_1_27' title='bbox 1175 961 1329 1037; x_wconf 91' lang='lat' dir='ltr'>urbium</span> 
     </span>
     <span class='ocr_line' id='line_1_8' title="bbox 274 1072 853 1169; baseline -0.003 -22"><span class='ocrx_word' id='word_1_28' title='bbox 274 1074 564 1148; x_wconf 78' lang='lat' dir='ltr'>Fundamenta</span> <span class='ocrx_word' id='word_1_29' title='bbox 591 1072 676 1147; x_wconf 88' lang='lat' dir='ltr'>solo</span> <span class='ocrx_word' id='word_1_30' title='bbox 706 1078 853 1169; x_wconf 90' lang='lat' dir='ltr'>potens</span> 
     </span>
    </p>

    <p class='ocr_par' dir='ltr' id='par_1_6' title="bbox 277 1175 1177 1384">
     <span class='ocr_line' id='line_1_9' title="bbox 382 1175 1177 1277; baseline -0.003 -24"><span class='ocrx_word' id='word_1_31' title='bbox 382 1178 573 1277; x_wconf 87' lang='lat' dir='ltr'>Aequare</span> <span class='ocrx_word' id='word_1_32' title='bbox 602 1185 645 1253; x_wconf 97' lang='lat' dir='ltr'>et</span> <span class='ocrx_word' id='word_1_33' title='bbox 671 1177 808 1252; x_wconf 87' lang='lat' dir='ltr'>valido</span> <span class='ocrx_word' id='word_1_34' title='bbox 839 1177 999 1253; x_wconf 89' lang='lat' dir='ltr'>deioere</span> <span class='ocrx_word' id='word_1_35' title='bbox 1027 1175 1177 1269; x_wconf 82' lang='lat' dir='ltr'>ariete3</span> 
     </span>
     <span class='ocr_line' id='line_1_10' title="bbox 277 1283 820 1384; baseline -0.007 -23"><span class='ocrx_word' id='word_1_36' title='bbox 277 1287 428 1384; x_wconf 79' lang='lat' dir='ltr'>Surget</span> <span class='ocrx_word' id='word_1_37' title='bbox 454 1285 577 1359; x_wconf 80' lang='lat' dir='ltr'>foeda</span> <span class='ocrx_word' id='word_1_38' title='bbox 605 1283 820 1377; x_wconf 72' lang='lat' dir='ltr'>calumnia</span> 
     </span>
    </p>

    <p class='ocr_par' dir='ltr' id='par_1_7' title="bbox 277 1389 1164 1574">
     <span class='ocr_line' id='line_1_11' title="bbox 381 1389 1164 1489; baseline -0.004 -21"><span class='ocrx_word' id='word_1_39' title='bbox 381 1391 587 1468; x_wconf 89' lang='lat' dir='ltr'>Virtutem</span> <span class='ocrx_word' id='word_1_40' title='bbox 614 1391 778 1482; x_wconf 80' lang='lat' dir='ltr'>laceret,</span> <span class='ocrx_word' id='word_1_41' title='bbox 809 1389 982 1466; x_wconf 85' lang='lat' dir='ltr'>erimina</span> <span class='ocrx_word' id='word_1_42' title='bbox 1008 1392 1164 1489; x_wconf 84' lang='lat' dir='ltr'>fingere</span> 
     </span>
     <span class='ocr_line' id='line_1_12' title="bbox 277 1497 827 1574; baseline -0.005 0"><span class='ocrx_word' id='word_1_43' title='bbox 277 1499 429 1574; x_wconf 77' lang='lat' dir='ltr'>Sollers</span> <span class='ocrx_word' id='word_1_44' title='bbox 459 1505 501 1573; x_wconf 90' lang='lat' dir='ltr'>et</span> <span class='ocrx_word' id='word_1_45' title='bbox 527 1497 662 1573; x_wconf 83' lang='lat' dir='ltr'>varias</span> <span class='ocrx_word' id='word_1_46' title='bbox 688 1504 827 1574; x_wconf 90' lang='lat' dir='ltr'>notas:</span> 
     </span>
    </p>

    <p class='ocr_par' dir='ltr' id='par_1_8' title="bbox 277 1603 1161 1787">
     <span class='ocr_line' id='line_1_13' title="bbox 383 1603 1161 1704; baseline -0.001 -25"><span class='ocrx_word' id='word_1_47' title='bbox 383 1604 535 1679; x_wconf 81' lang='lat' dir='ltr'>Secura</span> <span class='ocrx_word' id='word_1_48' title='bbox 562 1603 644 1696; x_wconf 91' lang='lat' dir='ltr'>illa,</span> <span class='ocrx_word' id='word_1_49' title='bbox 675 1605 812 1704; x_wconf 86' lang='lat' dir='ltr'>gravis</span> <span class='ocrx_word' id='word_1_50' title='bbox 840 1603 971 1679; x_wconf 90' lang='lat' dir='ltr'>libera</span> <span class='ocrx_word' id='word_1_51' title='bbox 997 1603 1161 1695; x_wconf 83' lang='lat' dir='ltr'>noxiae,</span> 
     </span>
     <span class='ocr_line' id='line_1_14' title="bbox 277 1711 762 1787; baseline -0.002 0"><span class='ocrx_word' id='word_1_52' title='bbox 277 1711 478 1787; x_wconf 77' lang='lat' dir='ltr'>Consistit</span> <span class='ocrx_word' id='word_1_53' title='bbox 506 1711 644 1786; x_wconf 89' lang='lat' dir='ltr'>stabili</span> <span class='ocrx_word' id='word_1_54' title='bbox 671 1712 762 1786; x_wconf 90' lang='lat' dir='ltr'>loeo</span> 
     </span>
    </p>

    <p class='ocr_par' dir='ltr' id='par_1_9' title="bbox 274 1817 1284 2016">
     <span class='ocr_line' id='line_1_15' title="bbox 381 1817 1284 1893; baseline -0.001 -1"><span class='ocrx_word' id='word_1_55' title='bbox 381 1818 468 1892; x_wconf 91' lang='lat' dir='ltr'>Neo</span> <span class='ocrx_word' id='word_1_56' title='bbox 496 1842 635 1892; x_wconf 87' lang='lat' dir='ltr'>casum</span> <span class='ocrx_word' id='word_1_57' title='bbox 663 1817 812 1893; x_wconf 92' lang='lat' dir='ltr'>metuit</span> <span class='ocrx_word' id='word_1_58' title='bbox 838 1841 916 1891; x_wconf 91' lang='lat' dir='ltr'>neo</span> <span class='ocrx_word' id='word_1_59' title='bbox 945 1817 1122 1892; x_wconf 87' lang='lat' dir='ltr'>celerem</span> <span class='ocrx_word' id='word_1_60' title='bbox 1150 1821 1284 1891; x_wconf 88' lang='lat' dir='ltr'>rotam</span> 
     </span>
     <span class='ocr_line' id='line_1_16' title="bbox 274 1923 910 2016; baseline 0.002 -18"><span class='ocrx_word' id='word_1_61' title='bbox 274 1926 482 2000; x_wconf 88' lang='lat' dir='ltr'>Fortunae</span> <span class='ocrx_word' id='word_1_62' title='bbox 511 1931 583 1999; x_wconf 90' lang='lat' dir='ltr'>aut</span> <span class='ocrx_word' id='word_1_63' title='bbox 612 1924 755 2000; x_wconf 89' lang='lat' dir='ltr'>dubias</span> <span class='ocrx_word' id='word_1_64' title='bbox 784 1923 910 2016; x_wconf 83' lang='lat' dir='ltr'>vioes3</span> 
     </span>
    </p>

    <p class='ocr_par' dir='ltr' id='par_1_10' title="bbox 277 2029 1201 2225">
     <span class='ocr_line' id='line_1_17' title="bbox 383 2029 1201 2130; baseline 0.001 -26"><span class='ocrx_word' id='word_1_65' title='bbox 383 2029 544 2130; x_wconf 84' lang='lat' dir='ltr'>Quippe</span> <span class='ocrx_word' id='word_1_66' title='bbox 572 2031 714 2106; x_wconf 85' lang='lat' dir='ltr'>innixa</span> <span class='ocrx_word' id='word_1_67' title='bbox 743 2032 819 2106; x_wconf 89' lang='lat' dir='ltr'>deo</span> <span class='ocrx_word' id='word_1_68' title='bbox 849 2029 1024 2130; x_wconf 79' lang='lat' dir='ltr'>despicit</span> <span class='ocrx_word' id='word_1_69' title='bbox 1051 2030 1201 2122; x_wconf 80' lang='lat' dir='ltr'>omnia</span> 
     </span>
     <span class='ocr_line' id='line_1_18' title="bbox 277 2135 980 2225; baseline 0.001 -15"><span class='ocrx_word' id='word_1_70' title='bbox 277 2135 391 2225; x_wconf 84' lang='lat' dir='ltr'>Quae</span> <span class='ocrx_word' id='word_1_71' title='bbox 420 2137 595 2212; x_wconf 88' lang='lat' dir='ltr'>mundus</span> <span class='ocrx_word' id='word_1_72' title='bbox 626 2139 724 2212; x_wconf 90' lang='lat' dir='ltr'>oolit</span> <span class='ocrx_word' id='word_1_73' title='bbox 751 2145 823 2213; x_wconf 89' lang='lat' dir='ltr'>aut</span> <span class='ocrx_word' id='word_1_74' title='bbox 849 2137 980 2213; x_wconf 91' lang='lat' dir='ltr'>timet.</span> 
     </span>
    </p>

    <p class='ocr_par' dir='ltr' id='par_1_11' title="bbox 275 2242 1332 2452">
     <span class='ocr_line' id='line_1_19' title="bbox 381 2242 1332 2344; baseline -0.004 -26"><span class='ocrx_word' id='word_1_75' title='bbox 381 2243 442 2318; x_wconf 89' lang='lat' dir='ltr'>At</span> <span class='ocrx_word' id='word_1_76' title='bbox 468 2244 586 2342; x_wconf 91' lang='lat' dir='ltr'>pellit</span> <span class='ocrx_word' id='word_1_77' title='bbox 613 2246 757 2344; x_wconf 84' lang='lat' dir='ltr'>procul</span> <span class='ocrx_word' id='word_1_78' title='bbox 786 2269 811 2319; x_wconf 90' lang='lat' dir='ltr'>a</span> <span class='ocrx_word' id='word_1_79' title='bbox 839 2269 882 2319; x_wconf 88' lang='lat' dir='ltr'>se</span> <span class='ocrx_word' id='word_1_80' title='bbox 912 2253 954 2320; x_wconf 92' lang='lat' dir='ltr'>et</span> <span class='ocrx_word' id='word_1_81' title='bbox 980 2252 1165 2320; x_wconf 87' lang='lat' dir='ltr'>removet</span> <span class='ocrx_word' id='word_1_82' title='bbox 1197 2242 1332 2319; x_wconf 87' lang='lat' dir='ltr'>nefas:</span> 
     </span>
     <span class='ocr_line' id='line_1_20' title="bbox 275 2349 896 2452; baseline 0.002 -29"><span class='ocrx_word' id='word_1_83' title='bbox 275 2349 356 2424; x_wconf 89' lang='lat' dir='ltr'>Hio</span> <span class='ocrx_word' id='word_1_84' title='bbox 385 2350 516 2425; x_wconf 86' lang='lat' dir='ltr'>solum</span> <span class='ocrx_word' id='word_1_85' title='bbox 546 2351 732 2450; x_wconf 83' lang='lat' dir='ltr'>exagitat</span> <span class='ocrx_word' id='word_1_86' title='bbox 759 2376 896 2452; x_wconf 87' lang='lat' dir='ltr'>pavor,</span> 
     </span>
    </p>

    <p class='ocr_par' dir='ltr' id='par_1_12' title="bbox 275 2457 1230 2663">
     <span class='ocr_line' id='line_1_21' title="bbox 379 2457 1230 2558; baseline 0.004 -28"><span class='ocrx_word' id='word_1_87' title='bbox 379 2457 440 2531; x_wconf 90' lang='lat' dir='ltr'>Ne</span> <span class='ocrx_word' id='word_1_88' title='bbox 470 2458 583 2533; x_wconf 86' lang='lat' dir='ltr'>labes</span> <span class='ocrx_word' id='word_1_89' title='bbox 611 2465 762 2534; x_wconf 80' lang='lat' dir='ltr'>noceat</span> <span class='ocrx_word' id='word_1_90' title='bbox 790 2458 911 2558; x_wconf 85' lang='lat' dir='ltr'>eulpa</span> <span class='ocrx_word' id='word_1_91' title='bbox 937 2459 1004 2534; x_wconf 90' lang='lat' dir='ltr'>vel</span> <span class='ocrx_word' id='word_1_92' title='bbox 1031 2459 1230 2558; x_wconf 90' lang='lat' dir='ltr'>inquinet.</span> 
     </span>
     <span class='ocr_line' id='line_1_22' title="bbox 275 2564 864 2663; baseline 0.005 -27"><span class='ocrx_word' id='word_1_93' title='bbox 275 2564 368 2638; x_wconf 91' lang='lat' dir='ltr'>Huo</span> <span class='ocrx_word' id='word_1_94' title='bbox 398 2564 560 2663; x_wconf 88' lang='lat' dir='ltr'>appelle</span> <span class='ocrx_word' id='word_1_95' title='bbox 588 2571 730 2657; x_wconf 88' lang='lat' dir='ltr'>ratem,</span> <span class='ocrx_word' id='word_1_96' title='bbox 760 2564 864 2656; x_wconf 88' lang='lat' dir='ltr'>Tite,</span> 
     </span>
    </p>

    <p class='ocr_par' dir='ltr' id='par_1_13' title="bbox 277 2669 1332 2871">
     <span class='ocr_line' id='line_1_23' title="bbox 381 2669 1332 2770; baseline 0 -26"><span class='ocrx_word' id='word_1_97' title='bbox 381 2670 417 2744; x_wconf 93' lang='lat' dir='ltr'>N</span> <span class='ocrx_word' id='word_1_98' title='bbox 421 2695 469 2745; x_wconf 90' lang='lat' dir='ltr'>eo</span> <span class='ocrx_word' id='word_1_99' title='bbox 496 2669 688 2770; x_wconf 83' lang='lat' dir='ltr'>frangent</span> <span class='ocrx_word' id='word_1_100' title='bbox 716 2671 875 2770; x_wconf 82' lang='lat' dir='ltr'>scopuli</span> <span class='ocrx_word' id='word_1_101' title='bbox 893 2697 970 2746; x_wconf 91' lang='lat' dir='ltr'>neo</span> <span class='ocrx_word' id='word_1_102' title='bbox 989 2670 1171 2747; x_wconf 89' lang='lat' dir='ltr'>tumidus</span> <span class='ocrx_word' id='word_1_103' title='bbox 1182 2670 1332 2763; x_wconf 88' lang='lat' dir='ltr'>Notus;</span> 
     </span>
     <span class='ocr_line' id='line_1_24' title="bbox 277 2774 891 2871; baseline 0.005 -22"><span class='ocrx_word' id='word_1_104' title='bbox 277 2774 397 2864; x_wconf 81' lang='lat' dir='ltr'>Quod</span> <span class='ocrx_word' id='word_1_105' title='bbox 425 2777 459 2851; x_wconf 91' lang='lat' dir='ltr'>si</span> <span class='ocrx_word' id='word_1_106' title='bbox 487 2779 705 2853; x_wconf 80' lang='lat' dir='ltr'>abscedere</span> <span class='ocrx_word' id='word_1_107' title='bbox 734 2778 891 2871; x_wconf 91' lang='lat' dir='ltr'>iuverit,</span> 
     </span>
    </p>

    <p class='ocr_par' dir='ltr' id='par_1_14' title="bbox 274 2884 1142 3067">
     <span class='ocr_line' id='line_1_25' title="bbox 382 2884 1142 2984; baseline 0.003 -27"><span class='ocrx_word' id='word_1_108' title='bbox 382 2884 505 2958; x_wconf 84' lang='lat' dir='ltr'>Haud</span> <span class='ocrx_word' id='word_1_109' title='bbox 532 2891 623 2960; x_wconf 93' lang='lat' dir='ltr'>tuto</span> <span class='ocrx_word' id='word_1_110' title='bbox 651 2885 805 2984; x_wconf 90' lang='lat' dir='ltr'>poteris</span> <span class='ocrx_word' id='word_1_111' title='bbox 834 2885 977 2960; x_wconf 91' lang='lat' dir='ltr'>sistere</span> <span class='ocrx_word' id='word_1_112' title='bbox 1005 2884 1142 2960; x_wconf 89' lang='lat' dir='ltr'>litore:</span> 
     </span>
     <span class='ocr_line' id='line_1_26' title="bbox 274 2991 796 3067; baseline 0.004 -4"><span class='ocrx_word' id='word_1_113' title='bbox 274 2991 500 3065; x_wconf 88' lang='lat' dir='ltr'>Funestum</span> <span class='ocrx_word' id='word_1_114' title='bbox 528 2992 663 3067; x_wconf 89' lang='lat' dir='ltr'>medio</span> <span class='ocrx_word' id='word_1_115' title='bbox 693 2991 796 3066; x_wconf 87' lang='lat' dir='ltr'>mari</span> 
     </span>
    </p>

    <p class='ocr_par' dir='ltr' id='par_1_15' title="bbox 384 3096 1175 3199">
     <span class='ocr_line' id='line_1_27' title="bbox 384 3096 1175 3199; baseline 0.003 -28"><span class='ocrx_word' id='word_1_116' title='bbox 384 3096 565 3196; x_wconf 64' lang='lat' dir='ltr'>Cogeris</span> <span class='ocrx_word' id='word_1_117' title='bbox 595 3124 758 3192; x_wconf 86' lang='lat' dir='ltr'>mone0,</span> <span class='ocrx_word' id='word_1_118' title='bbox 786 3097 1048 3198; x_wconf 88' lang='lat' dir='ltr'>naufragium</span> <span class='ocrx_word' id='word_1_119' title='bbox 1076 3098 1175 3199; x_wconf 89' lang='lat' dir='ltr'>pati.</span> 
     </span>
    </p>
   </div>
   <div class='ocr_carea' id='block_1_3' title="bbox 364 3965 1246 4067">
    <p class='ocr_par' dir='ltr' id='par_1_16' title="bbox 364 3965 1246 4067">
     <span class='ocr_line' id='line_1_28' title="bbox 364 3965 1246 4067; baseline 0.003 -24"><span class='ocrx_word' id='word_1_120' title='bbox 364 3965 509 4067; x_wconf 80' lang='lat' dir='ltr'><strong>QUAE</strong></span> <span class='ocrx_word' id='word_1_121' title='bbox 538 3967 623 4043; x_wconf 90' lang='lat' dir='ltr'>SIT</span> <span class='ocrx_word' id='word_1_122' title='bbox 650 3966 947 4045; x_wconf 87' lang='lat' dir='ltr'>LAUDANDA</span> <span class='ocrx_word' id='word_1_123' title='bbox 976 3969 1246 4048; x_wconf 89' lang='lat' dir='ltr'><strong>SUPERBIA.</strong></span> 
     </span>
    </p>
   </div>
   <div class='ocr_carea' id='block_1_4' title="bbox 378 4180 1399 4494">
    <p class='ocr_par' dir='ltr' id='par_1_17' title="bbox 378 4180 1399 4494">
     <span class='ocr_line' id='line_1_29' title="bbox 378 4180 1399 4283; baseline 0.008 -29"><span class='ocrx_word' id='word_1_124' title='bbox 378 4180 471 4254; x_wconf 90' lang='lat' dir='ltr'>Non</span> <span class='ocrx_word' id='word_1_125' title='bbox 501 4205 661 4279; x_wconf 89' lang='lat' dir='ltr'>semper</span> <span class='ocrx_word' id='word_1_126' title='bbox 687 4181 847 4256; x_wconf 91' lang='lat' dir='ltr'>tumida</span> <span class='ocrx_word' id='word_1_127' title='bbox 873 4181 1008 4259; x_wconf 85' lang='lat' dir='ltr'>fronte</span> <span class='ocrx_word' id='word_1_128' title='bbox 1037 4186 1228 4283; x_wconf 87' lang='lat' dir='ltr'>superbia</span> <span class='ocrx_word' id='word_1_129' title='bbox 1291 4199 1338 4255; x_wconf 84' lang='lat' dir='ltr'>fol.</span> <span class='ocrx_word' id='word_1_130' title='bbox 1354 4197 1399 4254; x_wconf 78' lang='lat'>68¹·</span> 
     </span>
     <span class='ocr_line' id='line_1_30' title="bbox 380 4287 1176 4390; baseline 0.005 -28"><span class='ocrx_word' id='word_1_131' title='bbox 380 4287 694 4362; x_wconf 82' lang='lat' dir='ltr'>Contemnenda</span> <span class='ocrx_word' id='word_1_132' title='bbox 721 4288 812 4363; x_wconf 92' lang='lat' dir='ltr'>tibi:</span> <span class='ocrx_word' id='word_1_133' title='bbox 842 4290 1004 4390; x_wconf 87' lang='lat' dir='ltr'>saepius</span> <span class='ocrx_word' id='word_1_134' title='bbox 1033 4291 1176 4366; x_wconf 92' lang='lat' dir='ltr'>utilem</span> 
     </span>
     <span class='ocr_line' id='line_1_31' title="bbox 431 4391 886 4494; baseline 0.002 -26"><span class='ocrx_word' id='word_1_135' title='bbox 431 4391 580 4469; x_wconf 84' lang='lat' dir='ltr'>Adfert</span> <span class='ocrx_word' id='word_1_136' title='bbox 607 4394 678 4469; x_wconf 87' lang='lat' dir='ltr'>illa</span> <span class='ocrx_word' id='word_1_137' title='bbox 706 4395 886 4494; x_wconf 84' lang='lat' dir='ltr'>quietem</span> 
     </span>
    </p>
   </div>
   <div class='ocr_carea' id='block_1_5' title="bbox 486 4499 1411 4601">
    <p class='ocr_par' dir='ltr' id='par_1_18' title="bbox 486 4499 1411 4601">
     <span class='ocr_line' id='line_1_32' title="bbox 486 4499 1411 4601; baseline 0.008 -27"><span class='ocrx_word' id='word_1_138' title='bbox 486 4499 794 4601; x_wconf 75' lang='lat' dir='ltr'>sublimemque</span> <span class='ocrx_word' id='word_1_139' title='bbox 823 4503 1005 4578; x_wconf 90' lang='lat' dir='ltr'>animum</span> <span class='ocrx_word' id='word_1_140' title='bbox 1033 4504 1159 4580; x_wconf 89' lang='lat' dir='ltr'>iuvat.</span> <span class='ocrx_word' id='word_1_141' title='bbox 1400 4553 1411 4592; x_wconf 72' lang='lat'><strong>⁴</strong></span> 
     </span>
    </p>
   </div>
   <div class='ocr_carea' id='block_1_6' title="bbox 0 0 1589 5154">
    <p class='ocr_par' dir='ltr' id='par_1_19' title="bbox 0 0 1589 5154">
     <span class='ocr_line' id='line_1_33' title="bbox 0 0 1589 5154; baseline 0 0"><span class='ocrx_word' id='word_1_142' title='bbox 0 0 1589 5154; x_wconf 95' lang='lat' dir='ltr'> </span> 
     </span>
    </p>
   </div>
  </div>
 </body>
</html>
