3164 5154
723 618 788 683 111.

150 854 364 933 USPlRlA
392 852 637 931 AMAN'l'lS
655 851 867 930 ANIMAE
896 849 1134 931 CHRISTO
1154 853 1402 933 PETENTE

647 975 870 1056 CAELOS.

230 1209 321 1300 Quo
352 1210 534 1308 Sponsus
564 1214 759 1308 properat
785 1211 926 1282 meus?
1248 1221 1298 1277 fol.
1318 1225 1375 1280 42¹·

336 1315 426 1406 Quo
454 1322 564 1392 torto
595 1315 728 1391 iaculo
759 1314 923 1412 diffugit
951 1314 1085 1389 ocior?

229 1423 505 1498 Transcendit
533 1422 658 1496 celeri
685 1423 790 1521 pede

334 1532 389 1606 Et
415 1531 578 1604 Lunam
606 1535 649 1604 et
675 1529 800 1603 rutila
827 1528 962 1605 fronte
989 1529 1238 1628 Hyperiona
1371 1586 1385 1624 4

228 1635 384 1712 Stellae
412 1638 503 1711 luce
531 1661 640 1712 nova
668 1636 828 1710 micant

334 1746 389 1820 Et
415 1743 595 1820 formosa
622 1744 734 1818 leves
763 1749 874 1818 astra
902 1742 1067 1842 agitant
1090 1744 1236 1818 choros

228 1849 457 1926 Occmsant
482 1875 672 1951 proceres
699 1849 785 1949 poli

333 1959 388 2033 Et
415 1957 528 2032 suavi
559 1957 772 2057 excipiunt
800 1957 982 2032 carmine
1012 1957 1156 2033 sidera.
1370 2008 1383 2048 s

227 2064 312 2139 Nos
342 2090 439 2138 cura
467 2063 691 2164 premimur
718 2064 832 2163 gravi

333 2173 387 2246 Et
412 2171 601 2271 perculsa
627 2176 811 2246 tremunt
839 2170 965 2246 corda
991 2169 1252 2246 tumultibus:

226 2277 327 2352 Fors
357 2280 497 2378 pulsus
526 2278 679 2353 scelere
709 2284 771 2353 est
790 2277 907 2370 deus,

332 2385 541 2460 Maturare
569 2383 709 2482 sugam
738 2383 858 2459 iussit
886 2391 929 2460 et
955 2381 1164 2458 Anteros?
1359 2435 1384 2474 a

225 2491 320 2565 Non
348 2492 450 2566 caeli
479 2491 620 2566 faciles
647 2491 769 2565 nimis

333 2598 416 2673 Nos
444 2598 632 2673 flammas
659 2596 781 2673 fatuis
810 2595 1024 2672 vendimus
1052 2595 1248 2694 ignibus?

225 2704 319 2779 Non
346 2704 479 2779 fraudi
509 2705 684 2804 expositi
714 2713 756 2780 et
784 2704 888 2779 dolis

332 2812 539 2887 Mutamus
569 2811 708 2887 vitreis
738 2836 863 2886 aurea
890 2811 1065 2910 pocula?
1359 2861 1383 2899 a

225 2916 436 2993 Curatoris
466 2944 634 3017 egemus
663 2923 705 2992 et

331 3026 448 3101 Mens
467 3032 610 3100 nostra
628 3024 830 3100 indomita
852 3031 926 3114 est,
946 3023 1063 3098 frena
1081 3021 1227 3122 nequit
1246 3020 1342 3122 pati.

224 3131 401 3206 Pornum
431 3133 650 3231 stelligeris
678 3131 824 3232 plagis,

332 3238 516 3313 Geminis
546 3265 639 3314 cum
668 3237 804 3337 pueris
833 3235 1101 3337 praeferimus
1128 3260 1264 3311 nuces,
1356 3287 1383 3326 20

223 3345 331 3443 Ergo
363 3346 546 3444 Sponsus
576 3345 689 3420 abit?
718 3346 850 3418 Breve

330 3452 504 3551 indulge
534 3460 676 3527 tenere
705 3460 868 3550 tenipus
898 3450 1151 3525 amantibus:

224 3556 331 3648 Quid
360 3559 513 3633 mensis
541 3566 692 3635 noceat
719 3561 859 3633 mora?

331 3665 562 3755 Sedsurdo
593 3665 788 3740 canimus.
846 3664 935 3738 Iam
964 3687 1102 3737 roseas
1131 3685 1259 3759 genas
1356 3712 1382 3751 a

222 3773 276 3847 Et
301 3770 479 3848 frontem
508 3773 670 3847 niveam
700 3772 807 3870 tegit

330 3880 469 3955 Nubes
497 3879 757 3978 lampadibus
785 3878 918 3952 mixta
946 3875 1189 3965 nite11tibus3

222 3984 311 4061 Iam
339 3987 475 4062 vultus
505 3988 629 4061 decus
658 4011 839 4074 aureum,

330 4092 449 4183 Quod
478 4094 602 4168 castis
632 4093 792 4168 animos
820 4092 1009 4165 flammat
1037 4086 1255 4178 artioribus,
1354 4139 1381 4179 2³

223 4200 403 4277 Secretis
431 4201 535 4275 latet
562 4200 726 4298 ignibus

329 4307 415 4381 Nec
441 4310 614 4407 praebet
643 4307 786 4381 calidis
816 4305 956 4381 oscula
983 4301 1171 4377 lacrimis.

223 4411 327 4489 Cum
357 4415 539 4489 condunt
566 4414 686 4512 nigra
715 4414 773 4488 sic
803 4413 912 4486 diem

330 4519 631 4621 Occultantque
661 4521 772 4596 faces
800 4518 941 4595 nubila
971 4516 1159 4606 siderum,
1355 4566 1381 4606 a

1270 4631 1289 4689 ‘1
