3164 5154
537 191 612 247 ΗΒ.
633 191 682 246 Vl.
702 192 780 248 1-3.

178 390 241 468 Sit
268 391 345 468 tibi
374 416 543 467 somnus
571 391 772 482 modicus,
802 391 1001 468 cadentes

178 499 257 591 Qui
287 506 428 575 tamen
455 499 563 574 vires
591 523 782 599 reparare
810 498 960 598 possit;

176 606 377 683 Delicatis
405 631 459 682 ne
489 605 662 706 dapibus
690 604 840 681 fruare:

284 714 411 792 Utere
440 713 596 813 paucis,

177 872 387 974 Pauperes
415 898 642 973 numquam
670 873 852 948 tumidus
880 874 1057 972 repelle:

178 979 222 1057 Si
251 986 381 1079 potes,
411 981 545 1056 laetus
573 979 635 1055 fer
663 1005 782 1080 opem
811 979 1011 1079 precanti.

179 1085 356 1163 Candidi
385 1087 517 1162 crines
547 1088 694 1186 capitis
722 1111 879 1162 verere:

285 1194 488 1294 Spemere
516 1194 613 1269 noli.

177 1353 321 1428 Nullus
350 1354 540 1430 adfectus
569 1352 776 1453 placidam
805 1354 985 1452 quietem

178 1460 352 1536 Turbet:
379 1462 492 1535 haud
521 1466 641 1537 atrox
669 1461 853 1535 animum
882 1461 1062 1536 lacessat

177 1567 245 1643 Ira
270 1567 338 1642 vel
365 1568 470 1645 livor
496 1593 573 1644 nec
602 1592 718 1643 amor
745 1568 913 1643 nocenti

284 1674 495 1774 Torqueat
522 1681 651 1750 aestu.
903 1692 905 1697 ‘

177 1833 333 1911 Fronte
362 1834 421 1910 sic
451 1835 573 1910 horas
600 1834 723 1909 hilari
753 1860 918 1910 serenas

179 1941 411 2040 Transiges,
442 1942 550 2017 tristi
579 1942 667 2017 sine
695 1944 805 2017 nube
834 1966 1010 2041 semper:

180 2047 382 2142 Suaviter,
412 2074 505 2124 cum
533 2074 618 2124 nox
645 2049 730 2123 ruit
759 2056 861 2139 atra,
890 2049 1029 2124 trades

284 2156 472 2232 Membra
500 2156 645 2256 sopori.
1016 2182 1018 2187 ’

629 2865 693 2930 ΙΠ.

318 3079 524 3157 FASTUS
552 3079 782 3157 HOMINIS
811 3080 1000 3157 INOPIS.

179 3294 338 3368 Exosus
366 3298 504 3367 tumor
532 3292 734 3382 omnibus,
1129 3306 1179 3362 rol.
1199 3307 1270 3363 113*-

285 3399 375 3475 Etsi
404 3399 660 3491 Caesaribus,
689 3399 855 3498 regibus
886 3399 1071 3492 haereat;

179 3506 413 3606 Numquam
441 3506 602 3606 turpior·
630 3512 873 3596 esttamen,

288 3613 423 3702 Quam
453 3640 545 3689 cum
575 3613 824 3713 pauperibus
853 3613 1035 3688 vestibus
1064 3612 1229 3689 emicat.
1277 3648 1290 3684 4

180 3720 345 3795 Incedit
373 3722 513 3796 lacera
539 3725 642 3817 toga

288 3827 460 3903 Attritis
490 3826 598 3902 olido
628 3827 795 3925 pulvere
825 3826 988 3901 calceis:

180 3934 311 4009 Elatis
340 3935 467 4010 oculis
494 3933 618 4024 feror,

288 4042 426 4116 Barba
455 4040 690 4142 conspicua,
721 4039 901 4115 crinibus
928 4039 1104 4115 horridis

182 4147 266 4224 Per
292 4149 408 4224 vicos
435 4148 610 4223 Polemo
641 4153 766 4245 atque
795 4172 927 4246 agros,

289 4255 478 4355 Aspectu
505 4255 717 4354 trepidant
743 4253 920 4353 virginei
949 4253 1075 4344 chori,

182 4361 320 4437 Pubes
349 4362 502 4438 rustica
532 4361 707 4460 diffugit.

290 4470 522 4568 Tamquam
551 4495 625 4545 rex
654 4468 788 4545 dubiis
817 4474 965 4543 cuncta
993 4465 1214 4566 pavoribus
1267 4500 1291 4538 ιι
