3164 5154
704 243 902 301 SILVARUM

749 583 849 648 XXI.

538 834 836 914 CONSlLlUM
866 834 1065 910 FIDELE.

323 1067 465 1143 Poscis
494 1092 520 1140 a
546 1091 612 1141 me
642 1065 865 1148 consilium
893 1064 1118 1152 Melander,
1275 1080 1321 1136 fol.
1337 1081 1391 1135 ur·

323 1175 462 1249 Rebus
491 1172 659 1248 incertis
688 1172 785 1270 quid
813 1196 912 1270 agas
940 1171 1006 1246 vel
1034 1172 1164 1265 ausis;

326 1281 409 1356 Sed
436 1279 539 1354 mari
568 1305 660 1353 oum
690 1278 920 1370 dividimur,
949 1286 1108 1353 remoto

433 1387 515 1463 Vix
543 1387 621 1461 erit
647 1411 754 1460 usus

326 1583 409 1658 Sub
439 1607 565 1656 manu
592 1581 706 1655 nasei
736 1581 841 1656 solet
868 1580 922 1672 id,
952 1580 1128 1679 petitum

324 1689 507 1788 Longius
535 1712 626 1763 raro
655 1691 760 1763 bene
791 1687 912 1779 cedit,
943 1688 1043 1762 hora

326 1794 429 1870 Cum
457 1795 591 1871 brevis
621 1801 771 1870 sortem
801 1793 933 1869 variet
959 1795 1205 1895 trequenter,

432 1903 638 2001 Tempora
665 1908 838 1977 mutent.

326 2097 371 2173 Si
399 2103 540 2172 tamen
566 2097 637 2189 viS,
666 2096 884 2172 eonsilium
913 2096 1034 2172 fidele

325 2204 456 2296 Mitto,
485 2204 593 2303 quod
621 2209 711 2279 toto
740 2203 815 2279 tibi
842 2203 1113 2304 profuturum,

326 2310 469 2401 Crede,
500 2310 554 2385 sit
581 2311 691 2386 vitae
721 2311 867 2409 spatio,
899 2312 1009 2409 quod
1037 2311 1157 2386 astris

432 2418 596 2493 Reddat
624 2417 812 2492 amioum.

324 2612 494 2688 Praefer
520 2613 563 2686 in
593 2613 726 2687 causis
755 2612 888 2687 dubiis
916 2613 1136 2688 honestum

326 2719 429 2797 Utili
459 2744 631 2818 semper,
661 2719 822 2795 ratione
850 2720 963 2794 nulla

326 2826 486 2924 Linque
514 2826 709 2901 virtutem
738 2851 817 2902 nee
846 2828 914 2902 abi
942 2825 1115 2901 micanti

433 2933 615 3008 Tramite
642 2933 739 3007 veri.

327 3127 393 3203 Sit
419 3134 513 3202 tuus
542 3128 643 3218 finis,
670 3130 776 3203 bene
803 3128 908 3203 velle
938 3129 1109 3220 eunetis,

328 3233 527 3310 Omnibus
556 3234 762 3334 prodesse,
793 3235 930 3310 levare
958 3235 1096 3334 lapsos

326 3341 412 3416 Neo
439 3342 598 3416 luorum
626 3347 824 3442 spectare,
856 3342 989 3418 oalere
1019 3343 1105 3418 solo

432 3449 534 3546 Igne
564 3448 732 3524 deooris.

327 3642 396 3719 Sio
422 3642 501 3717 viri
528 3643 669 3741 magni
698 3645 889 3719 studuere
918 3645 1137 3742 quondam,

328 3749 421 3824 Non
450 3775 579 3842 suum,
610 3756 1007 3826 commune‘bonum
1036 3751 1213 3842 iuvare,

329 3855 510 3943 Quorum
540 3858 675 3932 adhue
703 3857 835 3955 fulget
861 3859 980 3934 iubar
1008 3865 1050 3933 et
1077 3861 1234 3934 relucet

436 3964 577 4040 Gloria
604 3965 697 4040 late.
