3164 5154
467 257 541 312 LlB.
560 256 641 313 VIIL
661 257 775 313 15-18.

567 470 683 539 XVII.

76 635 325 715 MUTATIO
354 632 481 714 LOCl
508 633 790 712 ADFECTUS
819 632 935 710 NON
963 633 1169 712 TOLLIT.

194 795 360 871 Deseris
389 796 556 870 demens
584 793 742 892 patriae
770 799 942 893 penates
1101 809 1149 864 1ยน01.
1167 812 1234 867 148*-

194 905 248 978 Et
274 901 382 1004 petis
409 909 540 977 terras
569 900 649 975 alio
680 900 864 975 calentes

198 1009 301 1102 Sole,
328 1010 549 1099 Romanae,
578 1007 833 1098 Menedemo,
863 1013 1003 1096 turres

302 1115 469 1191 Moenia
497 1113 616 1188 Tulli.

196 1275 283 1350 Ista
311 1275 382 1349 sed
409 1299 546 1349 rursus
574 1272 723 1348 veteris
753 1271 932 1370 Sibyllae

197 1381 356 1482 Oppido
386 1388 532 1473 mutas,
561 1379 748 1455 habitare
777 1385 915 1455 suetus

196 1488 347 1564 Assitis
375 1489 488 1563 Baiis
517 1487 664 1586 pelago
694 1487 858 1560 sonanti

301 1595 446 1672 Litora
474 1595 637 1669 circum.
711 1596 718 1605 '

197 1756 364 1856 Aequor
391 1762 437 1831 at
463 1753 612 1829 transis
642 1753 823 1829 celebres
852 1752 1048 1844 Athenas,

196 1862 331 1960 Argos
361 1868 402 1937 et
429 1861 558 1952 Pisas,
588 1858 777 1958 Sicyone,
808 1858 981 1960 Spartae

196 1969 342 2069 Regna
368 1968 527 2043 visurus
555 1966 750 2065 varioque
779 1974 898 2043 notas

303 2075 479 2151 Nomine
507 2075 683 2151 Thebas.

199 2233 281 2310 Cur
307 2235 421 2310 iuvat
448 2241 609 2310 tantum
639 2233 858 2332 peregrina
885 2233 1030 2309 tellus?

198 2341 266 2416 An
294 2342 439 2416 domus
468 2342 606 2416 sordet
632 2339 806 2414 nimium
834 2345 1030 2441 paterna?

199 2448 269 2523 An
296 2447 405 2547 fugis
434 2449 571 2523 tristes
601 2446 727 2523 animi
755 2447 955 2522 tumultus

304 2555 431 2630 Exsul
459 2557 680 2631 oberrans?

197 2715 291 2790 Non
318 2715 433 2791 locus
461 2714 591 2790 menti
618 2714 822 2814 placidam
852 2713 1029 2811 quietem

200 2821 331 2922 Saepe
359 2828 542 2896 mutatus
570 2821 716 2896 tribuit
743 2846 820 2896 nec
848 2845 1014 2919 aegram

197 2928 367 3003 Liberat
392 2931 552 3003 morbo:
581 2929 686 3003 ratio
716 2928 904 3003 medetur

305 3035 402 3111 Sola
429 3035 569 3110 labori.

555 3403 692 3469 XVIII.

172 3567 345 3646 OTIUM
374 3566 635 3645 SANCTUM
663 3566 732 3643 ET
765 3566 1077 3644 MODESTUM.

203 3725 341 3802 Otium
369 3726 566 3801 blandum
587 3753 735 3825 sequor
755 3734 797 3801 et
816 3726 1046 3801 modestam
1101 3743 1150 3794 fol.
1170 3743 1241 3796 1โด8*-

202 3833 342 3932 Diligo
371 3834 513 3925 vitam,
543 3839 685 3908 tamen
712 3833 825 3910 haud
852 3833 1014 3931 pigebit

200 3941 324 4015 Ferre
351 3965 425 4038 pro
454 3950 496 4015 te
526 3941 724 4016 sollicitos
752 3941 923 4031 labores

306 4045 474 4123 Arbiter
503 4047 622 4122 orbis

202 4205 342 4282 Otium
370 4231 520 4306 quaero
551 4206 696 4281 studiis
725 4232 944 4282 amoenum

200 4314 254 4387 Et
281 4339 442 4389 sacrum
470 4314 597 4388 Musis
627 4312 768 4412 (pudet
797 4339 884 4388 esse
913 4315 1030 4413 pigro

203 4421 396 4496 Deditum
426 4417 599 4518 somnol:
628 4420 783 4495 tumide
812 4421 1005 4495 molestas

306 4529 471 4627 Respuo
501 4554 626 4602 curae.
