3164 5154
689 189 904 246 CARMINUM

315 385 398 465 CA.
429 389 548 464 Nunc
575 387 701 464 fuscis
729 389 895 464 avidam
922 389 1050 467 comis

473 495 613 571 Cosmi
640 521 707 571 me
737 521 787 572 ac
814 520 933 572 rosea
959 495 1096 574 fronte
1121 499 1234 600 rapit
1254 500 1368 578 nitor:

417 602 588 677 Festina
616 603 801 678 accelero
828 603 1013 701 gradum,

473 709 506 786 O
535 708 698 784 blandis
726 708 863 808 potiar
891 733 1054 810 semper
1081 712 1300 789 amoribus.
1377 766 1384 802 ι

314 866 391 943 SP.
423 867 559 958 Quid?
588 868 623 942 si
650 867 721 942 fax
748 869 892 945 redeat
917 869 1041 969 prior,

473 972 517 1049 si
544 973 696 1049 nostris
726 974 868 1074 cupias
894 975 1062 1052 nutibus
1090 977 1274 1077 obsequi,

416 1080 561 1155 Mundi
589 1105 781 1181 spernere
807 1081 949 1157 inania

472 1187 526 1262 Et
552 1186 721 1262 tandem
748 1188 884 1287 posita
911 1187 1020 1264 mole
1048 1194 1285 1288 resurgere?
1380 1240 1399 1279 s

313 1343 398 1420 oA.
430 1345 626 1436 Quamvis
655 1346 811 1423 alliciat
839 1347 963 1424 decus

471 1452 659 1529 Formosi
686 1451 814 1552 pueri,
845 1453 964 1530 dulce
991 1454 1113 1530 iubar
1139 1455 1291 1548 trahat,

419 1558 482 1633 Tu
510 1558 565 1634 sis
594 1583 663 1634 ore
690 1559 911 1636 minacior:

472 1664 580 1764 Opto
610 1672 653 1741 te
680 1665 811 1742 niveis
840 1665 1040 1764 stringere
1068 1667 1284 1744 bracchiis.
1381 1718 1402 1756 e

772 2299 818 2366 X.

407 2512 571 2589 VITAE
599 2511 868 2590 RUSTICAE
896 2513 1175 2591 SUAVITAS.

314 2708 465 2783 Pastor
492 2710 567 2783 sub
596 2707 739 2806 patula
766 2707 930 2783 sederat
956 2706 1051 2783 ilice
1287 2725 1336 2782 fol.
1353 2725 1400 2782 ar·

315 2813 477 2913 Arguto
507 2814 719 2889 celebrans
748 2814 927 2889 carmine
958 2812 1164 2906 Chlorida‚

314 2920 560 3020 Flagrantes
589 2919 740 3012 oculeo,
772 2945 893 2996 cerea
919 2920 1114 2998 bracchia

421 3028 476 3102 Et
502 3026 638 3102 vultus
666 3051 831 3102 roseum
861 3027 995 3102 decue.

315 3186 630 3262 Praetervectus
660 3211 763 3286 equo
793 3186 1045 3261 Posthumus
1074 3185 1216 3279 audiit,

313 3290 428 3382 Quas
455 3291 598 3368 laudes
627 3299 795 3368 caneret
820 3292 959 3369 fistula
986 3291 1127 3391 Tityri,

315 3397 569 3499 Miratusque
599 3399 715 3475 stetit
743 3398 956 3474 frondibus
985 3399 1158 3475 abditus.

422 3504 527 3581 Post
554 3506 658 3581 haec
687 3506 746 3580 sic
774 3505 931 3605 placuit
958 3505 1089 3605 loqui:

317 3663 450 3756 ‚Felix
477 3666 552 3739 sub
580 3665 718 3740 tacitis
747 3665 960 3741 arboribus
990 3665 1123 3764 quies!

317 3770 474 3846 Secreti
502 3770 683 3847 nemoris
713 3771 833 3847 dulce
861 3772 1089 3848 silentium!

318 3876 452 3966 Quam
481 3877 584 3953 silva
610 3877 730 3952 viridi
760 3878 909 3977 degere
938 3903 1004 3953 me
1032 3878 1146 3955 iuvet

425 3983 550 4059 Omni
577 4009 747 4060 munere
773 3985 964 4060 liberum!

314 4142 398 4219 ‘Odi
426 4143 626 4219 nobilium
654 4143 819 4219 moenia
846 4144 1020 4220 turrium

317 4249 371 4324 Et
398 4248 558 4326 munita
586 4250 669 4326 suis
699 4251 850 4351 oppida
877 4250 1034 4326 civibus

316 4352 382 4431 Ac
408 4353 560 4432 fastum
587 4382 815 4457 procerum,
845 4358 957 4432 celsa
983 4357 1150 4458 palatia,

423 4461 557 4563 Aptae
585 4463 752 4539 servitio
782 4466 938 4541 domos.
