3164 5154
717 258 921 314 SILVARUM

392 461 552 537 Ferreis
582 459 770 535 claustris
798 467 940 535 tamen
968 458 1086 535 abdis
1116 483 1271 534 aurum

392 568 531 669 Atque
561 593 660 666 opes
689 591 828 641 servas
855 566 989 665 rigido
1019 565 1161 658 cubili,

393 678 524 750 Nemo
556 674 666 775 quod
694 674 827 749 cernit
854 699 931 747 nec
960 673 1074 749 adire
1103 673 1226 750 novit

500 782 676 856 Lumine
705 781 842 856 Titan.

395 943 504 1033 Quid
531 941 607 1016 tibi
636 942 804 1041 prodest
832 940 998 1015 latebris
1026 944 1264 1016 remotum?

395 1048 541 1123 Profer
567 1049 611 1122 in
640 1048 773 1122 lucem
804 1047 953 1145 potius,
984 1047 1116 1122 sodali

394 1156 574 1255 Pauperi
602 1181 750 1229 munus
779 1154 971 1229 tribuisse
999 1156 1137 1253 gaude

502 1263 656 1336 Fronte
685 1286 839 1336 serena.

396 1421 592 1497 Imminet
618 1421 747 1497 tristis
775 1422 907 1496 niveis
937 1428 1127 1497 senectus

398 1529 605 1620 Crinibus,
637 1529 773 1604 densis
803 1529 910 1604 oculi
938 1537 1182 1628 premuntur

397 1636 595 1728 Nubibus,
626 1638 780 1711 dudum
808 1636 916 1710 rosei
944 1636 1118 1711 recessit

507 1743 652 1818 Gratia
681 1744 826 1822 vultus

397 1904 551 1978 Efferes
583 1911 717 1979 tecum
745 1902 851 1976 nihil
877 1902 957 1977 hoc
985 1902 1168 1978 theatro:

399 2011 541 2085 Nudus
569 2011 744 2100 intrasti,
774 2009 929 2108 pariter
955 2009 1109 2084 redibis

398 2118 539 2191 Nudus
568 2118 611 2191 in
639 2124 808 2209 terram3
840 2115 1060 2191 benefacta
1087 2117 1211 2191 finem

509 2223 605 2299 Sola
634 2230 844 2299 coronant.
1381 2266 1398 2304 a

787 2845 866 2908 XII.

358 3059 538 3135 LIBIDO
569 3059 821 3137 CONFUSA
850 3061 920 3137 ET
950 3058 1289 3138 CONTEMPTA.

398 3270 571 3346 Assides
600 3273 720 3362 lecte,
752 3274 998 3372 Xenophon,
1030 3274 1247 3364 Corinnae,
1291 3279 1395 3339 furur-

401 3377 526 3470 Quae,
557 3379 655 3454 licet
682 3380 764 3454 iam
795 3381 848 3455 su
877 3381 1023 3470 senior,
1053 3379 1233 3457 furorem

400 3485 567 3585 Spernit
595 3488 807 3578 audacem,
835 3487 1026 3586 precibus
1054 3491 1121 3564 vel
1149 3514 1247 3564 auro

506 3593 659 3668 Nescia
686 3595 807 3669 flecti.
1394 3630 1401 3668 r

400 3753 566 3827 Excitas
595 3753 736 3842 rixam,
766 3754 904 3852 gladio
934 3754 1103 3830 minaris

400 3858 563 3934 Perfido
593 3861 770 3958 linguae,
800 3862 879 3935 nisi
908 3885 1039 3960 prona
1067 3863 1188 3938 iussis

400 3966 580 4066 Obsequi
610 3968 755 4058 discat,
786 3967 926 4044 foveat
955 3968 1108 4045 calenti

505 4074 680 4150 Pectore
711 4101 917 4175 sponsum.

400 4234 476 4319 ‚Tu
506 4235 606 4306 mihi
636 4239 846 4333 sponsusP‘
877 4237 1032 4335 regerit
1059 4238 1208 4336 puella.

400 4338 607 4438 Coniuges
636 4342 857 4441 permissus
886 4369 1013 4434 amor,
1043 4343 1172 4419 libido

399 4446 459 4521 To
491 4447 610 4546 rapit.
669 4450 902 4548 Numquam
932 4452 1140 4526 thalamus
1168 4452 1334 4552 pudicae

509 4555 691 4654 Virginis
722 4558 849 4631 anleb.
1397 4592 1412 4633 u
