3164 5154
493 259 566 315 LIB.
586 260 618 315 X.
637 260 717 316 4-6.

177 459 342 535 Procris
372 461 613 534 hocerrore
643 458 757 533 cadit
783 467 1014 558 perempta;

177 566 366 641 Horridis
395 565 508 640 silvis
537 565 675 640 latuit:
707 565 878 640 maritus

178 674 288 747 Dum
316 671 444 748 feram
476 673 617 762 credit,
648 672 783 748 iaculo
811 673 980 748 nocenti

283 780 397 879 Figit
425 787 646 855 amantem.

178 940 323 1016 Indica
351 940 552 1039 prudens:
583 940 720 1014 aliena
748 965 831 1014 non
860 945 901 1013 te

177 1049 309 1122 Arma
336 1070 578 1145 suspensum
606 1052 779 1121 teneant
811 1071 889 1119 neo
918 1047 1041 1120 ardor

178 1154 337 1231 Stultus
366 1153 563 1251 impellat,
592 1153 753 1228 ratione
781 1152 926 1251 privet,

284 1260 455 1359 Ingerat
483 1262 659 1334 umbras,

578 1823 636 1887 Vl.

333 1987 604 2064 TEMPORIS
630 1984 883 2063 IACTURA.

182 2166 362 2263 Tempus
392 2164 576 2262 clapsum
604 2187 797 2237 revocare
825 2163 971 2253 nescis,
1079 2176 1126 2230 fol.
1149 2179 1217 2231 1672

183 2272 302 2362 Quod
330 2270 439 2368 fugit
467 2270 592 2343 missa
623 2269 746 2344 citius
775 2269 942 2367 sagitta,

184 2379 307 2453 Ocius
335 2377 454 2452 tortis
483 2383 679 2476 properat
705 2375 861 2450 trisulci

288 2483 488 2558 Fulminis
518 2483 605 2557 alis.

183 2645 293 2719 Hinc
321 2644 460 2743 gravis
490 2644 648 2718 iactura
675 2642 839 2716 videtur
865 2643 1003 2730 horae,

186 2751 319 2841 Quam
349 2777 426 2825 nec
454 2749 659 2850 impendis
688 2749 833 2823 studiis
863 2749 1084 2839 Minervae,

184 2858 391 2957 Principis
420 2882 497 2931 nec
527 2856 694 2931 servitio
724 2881 801 2929 nec
830 2856 953 2930 annis

291 2965 386 3040 Rite
414 2964 634 3038 vibrandis.

187 3125 277 3214 Quo
308 3125 397 3198 loco
426 3149 547 3199 verae
575 3123 742 3222 pietatis
771 3123 893 3197 ardor

185 3231 388 3305 Ponitur?
419 3256 497 3330 quo
528 3255 625 3304 cura
654 3230 720 3305 dei
749 3229 950 3330 supremi?

185 3338 311 3413 Forte
340 3337 541 3412 sordescit
568 3337 678 3412 nitor
707 3346 749 3413 et
775 3338 887 3413 beati

295 3444 438 3519 Gloria
464 3444 610 3543 regni?

186 3606 356 3703 integer
383 3605 536 3679 mensis
567 3604 674 3704 perit
703 3611 905 3702 occupato

190 3711 349 3786 Vilibus
378 3714 497 3786 rebus
526 3710 734 3811 popularis
763 3735 906 3784 aurae:

190 3819 334 3892 Nullus
363 3818 610 3892 immensum
638 3818 756 3892 labor
784 3824 856 3891 aut
884 3816 1032 3914 cupido

296 3925 469 4024 Spectat
498 3926 728 4023 Olympum.

188 4085 403 4159 Perditum
432 4110 587 4175 censes
617 4084 762 4160 tribuis
792 4083 901 4182 quod
930 4081 1061 4171 astris,

189 4192 370 4290 Tempus
400 4199 443 4266 et
470 4194 630 4267 caelum
659 4190 848 4291 precibus
878 4190 1039 4289 fatigas.

191 4299 284 4372 Heu
312 4298 450 4388 miser!
480 4325 706 4397 numquam
736 4298 881 4372 melius
911 4297 992 4372 diei

297 4405 440 4480 Portio
471 4406 592 4481 cedit.
