3164 5154
689 220 893 276 SILVARUM

374 422 465 512 Qua
492 420 621 496 semel
646 420 797 519 lapsus,
826 417 961 519 glaeie
988 418 1163 493 recedis:

372 530 519 620 Antra,
550 526 639 627 quis
669 550 836 626 serpens
864 525 1023 601 tumido
1051 549 1212 601 veneno

374 636 563 727 Incubat‚
593 634 718 733 longe
745 633 901 733 refugis
928 658 1007 709 nec
1036 641 1129 710 atra

478 741 645 817 Limina
671 740 821 840 tangis.

373 887 531 960 Forsan
559 889 776 984 exspectas
804 882 976 958 meliora
1002 881 1103 975 fata,

375 992 516 1067 llitius
545 998 721 1090 tempus,
750 996 823 1065 tua
850 1015 931 1090 quo
958 1015 1033 1090 per
1061 992 1202 1066 orbem

374 1100 484 1175 Nota
512 1098 567 1174 sit
593 1097 735 1188 virtue,
764 1097 891 1173 vehat
918 1104 961 1173 et
988 1097 1145 1172 diserto

481 1205 673 1282 Carmine
701 1203 836 1279 fama?

374 1347 418 1423 Si
446 1348 522 1423 tibi
551 1347 771 1449 contingat
798 1349 850 1422 ab
879 1346 1071 1447 imperita

373 1455 501 1531 Plebe
529 1454 700 1544 laudari,
730 1454 831 1555 quid
858 1453 961 1528 erit?
1007 1453 1139 1529 Periti

375 1561 502 1637 Sibilo
530 1562 686 1637 ludent.
742 1561 948 1636 Diuturna
974 1585 1202 1661 numquam

481 1668 624 1744 Gloria
651 1674 798 1743 terrae.

719 1882 877 1893 ...-

741 2003 857 2071 XVII.

489 2147 700 2227 SECURA
728 2147 1110 2226 MEDIOCRITAS.

372 2292 516 2368 Oderis
544 2299 725 2367 maestos
753 2291 909 2382 titulos
938 2292 1143 2377 iuventus,
1271 2306 1317 2358 fol.
1336 2304 1393 2360 131·

372 2399 517 2474 Oderis
546 2399 677 2474 laetos
707 2398 832 2474 etiam
859 2399 1036 2474 labores:

373 2506 622 2606 Opprimunt
650 2505 721 2598 illi,
750 2505 873 2580 nimis
901 2506 945 2581 hi
973 2506 1186 2581 resolvunt

479 2612 641 2687 Gaudia
667 2612 829 2689 mentis.

372 2753 573 2829 Semitam
601 2779 720 2829 serva
746 2753 942 2828 mediam:
972 2779 1050 2828 nec
1078 2754 1157 2829 ibis

370 2861 484 2936 Inter
512 2860 699 2960 obliquos
728 2860 923 2960 strepitus
953 2868 995 2937 et
1022 2861 1103 2935 iras

369 2969 510 3044 Plebis
540 2968 705 3058 atronis,
734 2992 947 3068 procerum
978 2993 1055 3043 nee
1084 2969 1170 3044 alta

361 3104 363 3109 ⁴
477 3074 671 3151 Culmina
698 3075 881 3150 scandes.

371 3216 567 3293 Claudius
595 3219 709 3317 vulgi
737 3217 867 3293 iacuit
894 3215 1030 3292 furore

371 3326 509 3424 Nuper
537 3326 708 3418 occisus,
735 3326 819 3402 ruit
846 3349 871 3400 a
899 3349 1090 3424 suprema

370 3432 480 3508 Arce
508 3433 788 3533 Xanthippus,
818 3431 942 3531 periit
970 3439 1141 3508 cruento

476 3539 657 3615 Vulnere
685 3539 861 3615 Priscus.

370 3680 450 3755 Hie
479 3681 541 3755 sui
568 3681 677 3780 regis
705 3681 838 3756 voluit
864 3687 1070 3756 tumorem

371 3787 529 3863 Celsius
557 3790 687 3864 multo
717 3789 926 3864 cumulare
953 3788 1081 3863 iusto:

371 3895 607 3970 Praemium
635 3896 733 3971 belli
762 3895 858 3971 tulit
885 3895 982 3970 hinc
1010 3894 1142 3995 iniqui

475 4000 638 4102 Aspera
663 4003 764 4093 fata.

369 4142 508 4219 Aurea
536 4151 648 4220 tutus
676 4145 962 4220 mediocritate

369 4250 524 4349 Effugit
552 4276 670 4326 casus
700 4252 846 4326 dubios
874 4258 1106 4351 potentum:

368 4357 565 4433 Abstinet
592 4359 664 4433 vili
693 4359 834 4460 populi
862 4357 1073 4433 frementis

474 4466 681 4541 Murmure
709 4468 900 4565 prudens
