3164 5154
694 223 910 282 cAuMINUM

271 422 382 496 Hinc
410 421 564 497 blando
592 423 782 498 volucres
812 423 996 500 carmine
1025 425 1254 502 concinunt

270 527 325 603 Et
352 528 480 604 silvae
508 536 707 604 resonant
733 556 942 607 murmure
971 534 1154 630 garrulo:

271 634 362 716 Illic
389 635 599 709 dividuum
627 635 829 712 lusciniae
856 637 976 736 vagis

377 742 594 840 Frangunt
622 767 720 818 aera
748 744 971 842 questibus.

273 941 360 1014 Has
389 937 498 1013 inter
523 936 636 1012 facili
666 937 834 1014 delicias
862 940 993 1036 gradu

273 1045 404 1120 Aetas
432 1044 565 1144 prima
591 1044 684 1119 fluit
710 1069 787 1120 nec
816 1046 943 1145 capiti
971 1045 1191 1122 imminens

272 1153 508 1228 Discrimen
536 1150 687 1226 metuit
714 1152 912 1252 temporis
938 1151 1165 1244 immemor,

383 1257 503 1346 Quod
531 1283 670 1332 seeum
700 1257 809 1357 rapit
838 1258 985 1334 omnia.

273 1456 334 1530 At
361 1460 516 1529 metam
544 1453 693 1552 cupido
722 1451 877 1527 lumine
906 1452 1113 1552 prospice:

275 1562 408 1652 Quam
437 1567 482 1634 tu
510 1584 621 1633 nunc
649 1559 842 1658 sequeris,
872 1560 1046 1657 pulchra
1074 1560 1240 1658 quidem
1261 1562 1340 1652 via,

274 1667 428 1744 Verum
457 1665 683 1765 perniciem
714 1666 851 1740 tendis
880 1667 933 1740 ad
962 1666 1161 1759 ultimam,

381 1771 449 1847 Ad
478 1774 607 1848 letum
637 1772 762 1847 miser
790 1773 1013 1848 horridum.

276 1967 393 2044 Siout
421 1968 586 2066 quando
616 1967 731 2042 videt
758 1992 880 2041 cerva
908 1969 1049 2067 lupum
1080 1969 1234 2067 procul,

274 2075 408 2151 Velox
434 2081 555 2172 grata
583 2073 660 2147 sibi
689 2075 843 2174 papula
872 2074 1033 2166 deserit,

276 2181 477 2257 Subducit
504 2180 627 2254 celeri
657 2205 699 2254 se
728 2180 833 2279 pede
863 2182 992 2255 casui:

383 2287 452 2362 Sic
479 2287 653 2386 lapsum,
682 2287 854 2378 iuvenis,
884 2288 992 2386 fuge.

278 2482 398 2573 Quod
424 2507 536 2555 nuno
566 2481 701 2581 carpis
730 2480 819 2572 iter,
850 2482 1068 2582 praecipiti
1096 2482 1193 2580 iugc

277 2587 431 2664 Saxum
459 2588 613 2662 infame
642 2590 793 2677 subest,
831 2587 1024 2664 caedibus
1053 2586 1200 2663 aseris

277 2695 499 2771 Obsessum
528 2700 652 2792 atque
681 2695 825 2770 avibus
856 2703 1008 2771 cuncta
1034 2694 1286 2770 vorantibus.

383 2800 639 2900 Quicumque
667 2801 777 2875 haud
804 2803 966 2901 trepido
995 2803 1136 2900 gradu,

276 2998 382 3073 Illuc
413 3023 507 3071 oum
536 2995 685 3070 stolide
713 2997 886 3088 venerit,
916 2997 1122 3094 unguibus

277 3103 423 3179 Saeuis
449 3127 492 3177 se
521 3110 594 3177 aut
620 3102 772 3177 rabidis
801 3103 1003 3178 morsibus
1033 3103 1167 3202 eripit,

278 3209 401 3285 Tristi
430 3217 563 3283 morte
591 3209 668 3283 luit
696 3210 850 3307 gaudia
878 3209 1049 3285 flon'dae

384 3318 437 3390 Et
463 3315 598 3390 laetae
627 3316 798 3391 nimium
827 3315 932 3392 viae.

277 3511 400 3586 Evita
427 3511 630 3611 scopulos,
662 3512 696 3586 si
725 3511 848 3610 sapis,
879 3534 1050 3610 asperos

279 3617 551 3716 Sirenumque
581 3643 683 3693 cave
711 3618 872 3693 lubrica
900 3617 1100 3692 carmina:

279 3724 358 3814 Qui
386 3749 529 3824 parere
557 3725 660 3801 levis
690 3725 863 3800 consilio
893 3729 1031 3822 negat,

385 3831 598 3906 incassum
628 3830 819 3930 quotiens
847 3832 1011 3933 gemet?
