3164 5154
468 255 541 308 LIB.
561 255 597 308 X.
617 257 733 312 25-27.

175 454 358 552 impetus
387 454 523 552 plures
551 454 671 552 rapit,
703 462 745 530 et
773 456 908 530 calere

176 560 229 635 Se
257 566 407 658 putant
434 561 605 635 Phoebo
634 561 808 635 nimium
836 563 1004 638 remoti:

177 665 351 766 Spiritus
379 667 533 766 linquit
559 666 743 759 miseros
773 668 887 744 inani

283 775 490 848 Murmure
519 775 715 871 gaudent.

175 933 340 1007 Plectra
366 958 419 1006 ne
449 939 600 1008 tractet
627 958 728 1032 puer
757 934 982 1034 imperitus,

176 1040 307 1137 Aptet
335 1047 408 1114 aut
434 1065 583 1115 nervos
611 1040 760 1115 fidibus
790 1042 966 1117 canoris:

177 1143 256 1234 Qui
285 1144 387 1219 nihil
416 1152 581 1244 praeter
609 1147 825 1246 strepitum
854 1149 946 1240 ciet,
977 1174 1048 1224 cur

284 1252 454 1327 Sauciet
482 1257 627 1327 aures?

527 1780 675 1844 XXVII.

317 1995 542 2073 LAUTUM
572 1995 892 2075 CONVIVIUM.

181 2206 315 2280 Nobili
346 2231 492 2281 cenam
521 2207 643 2282 struis
672 2219 894 2308 apparatu:
1080 2226 1129 2279 fol.
1150 2227 1225 2283 174*-

181 2312 263 2387 Cur
290 2313 422 2411 magis
451 2312 585 2389 fumat
613 2314 732 2388 solito
764 2316 928 2391 culina?

182 2419 258 2495 Oui
287 2419 404 2494 focus
432 2419 564 2494 fervet
591 2420 765 2519 dapibus
794 2429 857 2496 tot
885 2423 1048 2522 emptis

288 2524 481 2601 Caecuba
509 2531 730 2625 spumant?

181 2685 269 2760 Ah!
298 2684 378 2760 fuit
406 2687 612 2783 quondam
642 2683 786 2762 niveus
815 2687 986 2781 sodalis;

181 2794 300 2867 Nunc
328 2793 457 2866 redux
484 2817 624 2867 macra
652 2792 821 2891 regione
850 2794 975 2868 Ponti

184 2900 334 2973 llsurit:
365 2899 533 2972 tandem
564 2899 718 2974 satiare
749 2925 847 2974 cura

289 3004 445 3080 Suadet
472 3005 618 3080 amica.

182 3165 323 3240 Laudc
353 3165 524 3264 dignum
553 3165 813 3264 propositum
841 3165 1020 3240 iuvantis

181 3273 255 3347 Est
283 3271 446 3371 quidem
476 3273 640 3357 mentis;
667 3272 804 3347 nimiis
835 3272 943 3371 quod
973 3279 1112 3347 autem

182 3378 365 3454 Ferculis
393 3379 581 3453 lucrum?
610 3378 700 3476 quis
730 3379 839 3454 enim
867 3385 933 3454 tot
960 3404 1075 3453 escas

289 3485 445 3559 Ventre
472 3486 696 3560 recondet?

184 3645 273 3730 ‚Est
296 3645 429 3718 bonor
456 3644 598 3734 maior,
629 3668 822 3718 numerus
852 3643 1036 3718 ciborum

183 3752 292 3825 Dum
322 3776 468 3849 graves
496 3775 661 3826 mensas
692 3757 838 3825 onerat
864 3750 1027 3824 triclini.

185 3858 384 3934 Sordidus
414 3857 497 3932 dici
526 3857 717 3956 cupiam?
747 3856 923 3931 Tenacis

290 3965 449 4039 Horreo
478 3968 655 4039 nomen!

185 4123 328 4199 Scribe
359 4124 431 4198 sed
457 4124 571 4221 leges
600 4124 738 4198 animo
767 4122 971 4220 benigno:

184 4230 367 4306 Auream
395 4256 512 4305 serva
539 4229 879 4318 mediocritatem,

185 4338 245 4411 Ne
274 4337 351 4412 tibi
378 4337 519 4436 largus
547 4361 711 4427 noceas,
741 4336 929 4435 popellus

291 4446 429 4519 Ludat
456 4469 637 4520 avarum.
