3164 5154
657 253 729 308 Lm.
748 253 783 309 V.
802 255 882 311 5-7.

177 451 389 528 Laudabit
416 451 576 528 animos
604 452 786 528 carmine
814 459 981 529 aeterno
1011 455 1127 530 Maro

288 560 342 633 Et
367 561 493 634 robur
519 558 719 635 invictum
749 566 881 636 canet.

181 663 389 742 Caesarea
414 691 590 765 regnum
618 667 738 765 signa
765 692 860 742 cum
888 665 1106 767 Odrysium
1133 674 1336 768 premant,

291 771 355 848 Sit
382 772 587 872 Cynthiae
616 775 811 849 obscurus
839 773 969 849 nitor:

181 878 410 967 Fornande,
439 884 483 954 te
513 880 678 956 decebit
704 881 877 956 heroum
904 880 1023 956 iubar

290 985 509 1062 Celebrare
538 987 648 1062 dulci
676 987 850 1063 barbito

724 1637 805 1706 .VII.

445 1851 810 1930 CALAMITATIS
838 1852 1100 1932 UTILITAS.

184 2063 399 2141 Aerumna
426 2064 572 2140 crebra
599 2089 748 2165 corpus
776 2072 943 2141 exercet
968 2072 1099 2160 tuum,
1246 2082 1386 2140 f01.109'·

293 2170 471 2270 Adfligit
498 2171 683 2246 animum
710 2196 794 2248 non
822 2172 969 2248 minus.

186 2277 397 2355 Continua
423 2276 550 2353 febris
578 2280 748 2353 artubus
777 2279 919 2372 saevit,
948 2281 1062 2356 calor

293 2385 348 2460 Et
373 2383 502 2482 frigus
531 2384 741 2460 alternant
767 2385 904 2479 vices3

185 2491 341 2566 Tristia
366 2498 587 2591 parentum
614 2490 761 2567 funera
789 2500 832 2567 et
859 2492 1020 2569 subitae
1048 2518 1172 2568 neces

292 2599 385 2673 Non
413 2604 456 2673 te
484 2598 626 2674 sinunt
654 2599 885 2698 quiescere:

184 2703 356 2780 Maestis
386 2704 477 2805 quis
505 2705 721 2804 indulgere
749 2712 792 2781 te
819 2705 1001 2781 lacrimis
1027 2712 1152 2815 vetet,

292 2810 466 2887 Pulsare
495 2819 643 2911 questu
672 2813 835 2888 sidera?

185 2918 263 2994 His
291 2919 409 3019 plura
437 2918 590 2994 damna
617 2919 870 2995 domesticae
898 2919 1105 2995 accedunt
1130 2918 1205 2994 rei:

292 3026 506 3100 Exhausta
531 3026 712 3100 nummis
743 3026 909 3119 scrinia,

183 3131 312 3208 Fures
341 3131 473 3225 amici,
500 3132 698 3231 ambigua
726 3158 936 3209 servorum
963 3133 1066 3209 fides

146 3265 148 3269 ·
291 3239 346 3314 Et
372 3262 466 3314 rara
492 3264 710 3339 procerum
738 3240 884 3338 gratia.

182 3345 301 3421 Haec
327 3343 433 3421 ferre
462 3353 615 3422 cuncta
641 3345 776 3422 fronte
806 3346 1036 3447 composita
1064 3347 1181 3437 soles,

291 3451 444 3528 Parere
472 3460 607 3529 certus
635 3453 806 3528 numini.

184 3557 399 3657 Quidquid
425 3567 598 3659 paterno
627 3561 801 3636 mandat
828 3560 1002 3660 imperio
1032 3561 1142 3652 deus,

290 3666 445 3741 Laetus
473 3667 691 3767 libensque
720 3666 907 3768 suscipis:

184 3770 276 3848 Scis
305 3773 467 3873 quippe,
496 3773 557 3847 nil
576 3774 827 3849 descendere
850 3799 876 3848 a
894 3798 1087 3872 superum
1105 3772 1251 3873 plagis,

291 3877 412 3969 Quod
439 3880 609 3955 noxium
636 3879 760 3955 fuerit
787 3879 876 3956 tibi.

181 3984 220 4059 N
223 4008 269 4061 os
297 3984 467 4062 instruit
492 3986 670 4078 miseria,
702 3988 799 4062 dum
828 3986 1012 4086 graviter
1037 3985 1142 4078 serit

287 4091 343 4166 Et
369 4092 484 4167 humi
512 4094 696 4169 iacentes
726 4093 901 4169 excitat:

182 4197 314 4275 Inane
344 4200 563 4299 quamsit,
595 4200 794 4300 quidquid
822 4200 891 4274 hic
920 4198 1091 4297 agimus,
1123 4199 1254 4290 docet,

288 4305 478 4398 Fluxum,
509 4308 722 4398 caducum,
751 4307 974 4397 lubricum;

182 4410 252 4487 Ad
279 4412 364 4487 alta
393 4420 519 4513 caput
546 4414 735 4490 attollere
764 4421 806 4490 et
834 4414 992 4514 caelum
1021 4411 1146 4503 iubet,

289 4520 491 4596 Deserere
519 4521 733 4620 regionem
761 4521 958 4595 infimam.
