3164 5154
518 248 600 303 ·LIB.
622 248 647 304 I.
664 249 782 306 29-30.

570 551 712 616 XXIX.

339 766 512 845 AMORI
540 766 657 844 NON
685 766 977 844 FIDENDUM.

181 980 320 1055 Ardes
348 1003 549 1056 amoenae
578 978 794 1055 Chloridos
822 979 996 1079 ignibus,
1148 995 1199 1050 fol.
1218 996 1267 1052 rav

180 1088 294 1178 Quae
322 1112 417 1162 vere
445 1086 555 1162 dulci
583 1086 786 1163 laetitiam
814 1087 926 1186 parit

234 1195 466 1293 Totamque
495 1220 539 1269 se
567 1193 760 1269 flammae
787 1194 966 1269 remittit

285 1300 469 1376 Arbitrio
499 1300 635 1400 gravis
666 1307 708 1375 et
734 1299 897 1400 pudica.

181 1460 264 1534 Nec
292 1469 337 1535 tu
366 1460 529 1561 puellae
558 1459 790 1559 virgineum
819 1460 937 1534 iubar

181 1566 355 1643 Auferre
383 1574 531 1659 tentas,
562 1567 635 1642 sed
662 1567 794 1666 magis
823 1566 967 1642 insitas

231 1673 399 1773 Augere
426 1674 599 1749 virtutes
627 1674 790 1750 laboras

284 1781 337 1854 Et
364 1781 506 1856 niveos
536 1781 728 1856 decorare
756 1805 903 1856 meres.

179 1940 318 2019 ‚Absit
344 1938 551 2038 profanae,
582 1940 766 2040 quisquis
794 1941 980 2016 adultero

179 2048 379 2148 Spectare
407 2045 580 2122 formam
608 2046 764 2123 lumine
793 2048 965 2147 gestiet:

231 2153 359 2229 Nobis
386 2153 571 2252 placebit
600 2162 765 2230 sanctus
795 2155 927 2246 ardor,

286 2260 472 2335 Candida
500 2261 744 2360 simplicitas
772 2261 982 2337 movebit‘

180 2419 247 2495 Sic
276 2424 430 2518 absque
459 2445 590 2511 sensu,
620 2421 770 2510 Marce,
800 2421 983 2496 libidinis

180 2527 339 2602 Servire
367 2527 497 2626 possis
525 2526 704 2602 feminco
734 2528 869 2621 chore,

232 2633 276 2709 Si
304 2634 486 2709 nullate
516 2634 687 2709 seducat
715 2659 825 2725 aura,

284 2740 504 2817 Blanditiis
535 2741 700 2840 capiare
729 2740 862 2816 nullis.

179 2901 253 2974 Est
281 2905 396 2976 casta
424 2899 602 2975 Chloris:
630 2900 867 2975 muneribus
897 2907 1038 2976 tamen

181 3007 271 3096 Quo
300 3032 384 3082 non
411 3013 626 3106 protervus
654 3006 838 3106 pelliciat
865 3011 1041 3107 procus?

231 3113 412 3199 Neside,
442 3113 595 3188 famam
625 3138 748 3214 saepe
775 3115 959 3215 nympha

283 3220 503 3297 Prostituit
530 3222 717 3296 revoluta
744 3221 936 3298 nummis.

598 3767 718 3835 XXX.

391 3981 711 4060 COMOEDIAE
739 3981 919 4062 LEGES.

179 4194 371 4272 Comicus
400 4196 481 4272 dici
510 4196 616 4296 petis
646 4204 688 4272 et
715 4196 879 4272 theatro
1144 4208 1193 4264 fol.
1212 4208 1259 4265 ⁷4*

177 4303 378 4378 Fabulam
406 4304 513 4379 ludis
541 4304 695 4380 salibus
723 4303 903 4394 Terenti,

178 4408 311 4500 Accii,
341 4410 480 4485 Plauti
508 4437 699 4487 numeros
728 4410 891 4486 iocosos

285 4516 450 4593 Addere
480 4519 631 4594 sollers.
