3164 5154
521 230 595 285 LIB.
616 229 683 284 XII.
703 231 800 285 9-11.

631 605 690 669 XI.

202 857 561 937 NAUFRAGIUM
590 855 884 935 CAELESTIS
913 855 1130 932 AMORIS.

176 1089 308 1165 Credo
337 1088 517 1189 prudens
545 1089 712 1164 Oceano
741 1114 807 1163 me
835 1086 997 1176 amoris,
1156 1101 1204 1154 fot
1226 1103 1295 1156 trr-

179 1197 328 1296 Dirigo
359 1196 503 1295 pinum
532 1195 708 1294 liquidas
736 1219 809 1295 per
835 1195 984 1282 undae,

180 1303 325 1378 Donec
358 1308 502 1403 optato
532 1302 670 1402 potiar
698 1301 887 1377 secundis

286 1410 429 1487 Litore
457 1409 601 1485 ventio.

181 1607 298 1680 Mens
328 1605 494 1704 quidem
522 1604 676 1679 crebris
705 1604 842 1702 agitur
868 1603 1059 1703 procellis

178 1711 311 1810 (Haeo
340 1711 441 1787 ratis
470 1718 613 1787 nostra
642 1709 735 1809 est):
765 1711 920 1786 Boreas
950 1717 993 1785 et
1021 1709 1177 1784 Auster

179 1819 366 1895 Invicem
396 1826 566 1908 certant
595 1825 731 1894 metus
760 1842 808 1892 ao
838 1817 989 1917 cupido

285 1926 404 2000 Bella
431 1926 651 2002 lacessunt.

179 2123 285 2195 Sunt
314 2146 447 2220 aquae
475 2121 629 2198 nostris
658 2121 791 2197 oculis
826 2120 1034 2207 cadentes,

179 2227 281 2316 Quis
310 2228 537 2304 iuventutis
564 2227 700 2304 fatuos
728 2227 885 2304 furores

178 2335 404 2432 Mergimus
432 2335 555 2411 fletu:
587 2334 757 2434 scopuli,
788 2334 1009 2433 charybdis

286 2442 480 2541 Improba
508 2441 605 2516 vita.

179 2637 291 2725 Quas
321 2638 373 2711 ad
404 2662 497 2712 oras
526 2636 741 2736 perveniet
769 2635 937 2710 carina?

178 2743 368 2818 Herculis
398 2751 553 2820 metam
583 2750 765 2820 statuam
794 2743 1035 2817 columnas?

178 2850 365 2949 Longius
394 2877 461 2926 me
490 2851 659 2925 flamma
689 2849 755 2924 dei
783 2849 964 2949 potentis

285 2958 471 3033 Tendere
501 2957 627 3034 iussit.

182 3151 284 3225 lude
313 3151 510 3227 sublimes
538 3176 730 3252 proceres
760 3151 923 3250 Olympi

179 3256 273 3349 Oro,
304 3265 561 3334 succurrant:
592 3259 754 3335 miserie
782 3258 946 3359 periclis

179 3365 337 3442 Eruant
364 3366 547 3466 puppim,
578 3366 784 3442 tumidum
813 3365 969 3442 feratur

284 3474 390 3549 Tuta
421 3498 495 3573 per
523 3498 688 3573 aequor.

180 3666 289 3756 Quid
317 3673 461 3742 tamen
490 3693 612 3743 cerno
642 3667 707 3742 vel
735 3667 873 3765 imago
902 3675 1064 3741 nostros

179 3773 350 3872 Decipit
378 3798 522 3850 sensus
550 3775 617 3849 vel
646 3772 780 3849 amica
808 3772 914 3847 ludit

179 3880 361 3954 Turbido
391 3887 520 3980 ponto
550 3879 708 3979 species
738 3887 781 3955 et
808 3881 860 3954 ad
889 3904 931 3953 se

285 3985 453 4062 Pellioit
481 3987 646 4062 alnum?

180 4180 316 4258 Ardor
344 4191 537 4259 aeternus
564 4183 714 4283 pelago
744 4184 945 4258 fremente

180 4288 326 4364 Victor
354 4289 519 4382 incedit,
547 4296 669 4366 vocat
695 4289 927 4364 imminenti

180 4395 400 4472 Fluctuum
429 4397 570 4473 navim
600 4396 764 4471 cumulo
794 4404 1054 4484 trementem,

287 4502 471 4580 Suscitat
498 4529 630 4594 aurae,
