3164 5154
694 250 896 306 SILVARUM

372 452 559 528 Aedibus
586 451 769 553 pulchris
798 450 975 540 habitas,
1004 449 1176 526 nocenti

372 558 467 635 Otio
497 583 679 634 marces:
710 558 840 635 trahit
866 557 964 633 hinc
995 557 1146 657 cupido

369 666 507 742 Mollis
537 673 579 741 et
605 666 722 766 pigro
754 663 941 765 Cypridis
969 688 1178 739 venenum

478 773 660 873 Corpore
689 771 826 872 serpit.

371 932 442 1008 Nil
469 932 592 1008 domo
621 939 712 1007 tota
741 931 908 1008 domino
938 932 1114 1030 superbo

372 1039 549 1139 Turpius
577 1064 743 1114 cernas:
772 1038 934 1113 animus
962 1044 1135 1113 veterno

370 1146 545 1222 Labitur
571 1146 657 1238 vili,
685 1144 813 1222 facies
843 1146 990 1221 adusto

479 1253 683 1329 Concolor
709 1251 822 1328 Afro.

753 1761 850 1827 XIV.

256 1977 586 2057 PAUPERIBUS
615 1978 869 2056 PROMPTE
898 1974 1323 2056 SUBVENlENDUM.

369 2191 581 2289 Pauperis,
610 2190 839 2281 Femande,
867 2214 987 2289 geras
1016 2188 1139 2264 amici
1262 2201 1306 2255 fol.
1323 2197 1376 2255 rer·

372 2297 569 2374 Sedulam
597 2323 751 2372 euram:
779 2297 952 2397 prohibe
980 2296 1153 2395 precari,

371 2405 496 2480 Ferre
527 2403 746 2480 confestim
775 2428 952 2503 propera
979 2404 1157 2479 salutem

476 2513 616 2586 Rebus
645 2512 688 2585 in
717 2510 828 2586 artis.

371 2671 557 2747 Gratiam
587 2670 768 2771 perdunt
793 2667 1015 2745 benefacta
1044 2693 1156 2744 sera:

372 2777 548 2855 Constat
573 2777 734 2877 ingenti
762 2777 906 2876 pretio,
937 2776 1047 2876 quod
1075 2800 1199 2874 aegre

371 2885 575 2986 impetrat
603 2885 830 2984 quisquam.
887 2883 1070 2958 Nimium
1097 2882 1259 2958 videtur

476 2992 570 3069 Vile
598 3017 757 3091 rogare.

371 3150 586 3251 Conspicis
615 3152 752 3251 plures
780 3150 925 3250 inopes
955 3152 1110 3249 egere?

369 3258 431 3333 Ne
460 3283 630 3333 manum
659 3257 828 3333 claudas
856 3258 922 3332 vel
950 3279 1076 3331 avara
1102 3256 1218 3330 labes

370 3364 431 3440 Te
458 3371 572 3440 vetet
599 3389 752 3464 paucos
782 3363 973 3440 tribuisse
1000 3386 1193 3437 nummos

474 3471 615 3547 Divite
645 3497 781 3547 censu.

369 3630 507 3723 Astra,
539 3630 650 3731 quod
679 3632 820 3722 donas,
850 3628 971 3705 avide
999 3627 1231 3718 refundent

368 3738 568 3813 Debitum
595 3762 820 3836 numquam
851 3735 998 3835 Superi
1024 3736 1253 3833 negabunt;

369 3845 477 3936 Quid
504 3869 642 3920 moras
670 3845 828 3920 nectis?
856 3844 969 3918 Deus
999 3849 1062 3917 est
1088 3841 1242 3916 fidelis:

478 3951 628 4027 Omnia
655 3952 813 4026 reddet.

369 4112 506 4186 Fenus
535 4118 598 4186 est
625 4136 821 4209 magnum
851 4110 1022 4185 miseros
1050 4107 1203 4185 iuvare.

369 4218 563 4293 Plurimis
592 4218 651 4292 sio
680 4219 796 4292 auxit
825 4243 924 4317 opes
954 4217 1172 4316 Olympus:

363 4322 512 4400 Abluit
540 4325 681 4425 culpis,
713 4325 827 4400 dedit
856 4332 898 4400 et
924 4321 1118 4425 perennis

478 4432 665 4508 Praemia
692 4432 813 4508 vitae.
