3164 5154
704 253 918 310 cacumen

379 453 589 527 Producta
617 451 729 527 vitae
759 451 937 527 stamina
963 477 1048 527 non
1076 460 1185 550 petc,

379 561 522 634 Plures
550 583 629 634 nec
657 559 781 634 horas
809 558 1025 658 temporis:
1056 559 1193 634 ambio

432 665 592 740 Ardore
621 664 780 764 dignos,
812 665 1053 740 innocentes

486 774 539 847 Et
564 771 708 847 niveos
738 772 826 847 sine
854 773 947 847 labe
976 798 1121 848 mores.
1410 799 1435 840 ιι

378 931 545 1006 Intenta
574 932 678 1008 caeli
705 933 866 1029 legibus
894 931 1044 1023 arduis,

379 1036 530 1112 Adfixa
556 1038 676 1114 laetis
706 1063 866 1138 semper
894 1039 1100 1114 amoribus

432 1145 549 1219 Mens
578 1146 643 1237 sit,
673 1170 819 1220 serena
845 1146 938 1222 luce
966 1145 1129 1244 fulgens

484 1251 539 1326 Et
564 1252 690 1327 radiis
719 1253 829 1327 oculi
857 1252 1045 1328 modesti.
1408 1302 1434 1343 c

380 1410 461 1486 Sed
488 1436 540 1485 ne
568 1412 729 1486 relabar
755 1410 973 1512 pristinum
1003 1412 1055 1487 ad
1085 1412 1214 1487 otium

378 1515 466 1592 Aut
493 1542 545 1592 ne
572 1516 765 1617 profanos
795 1516 1015 1593 sollicitem
1044 1518 1156 1610 deos,

434 1624 501 1698 Me
529 1622 646 1699 frena
675 1624 801 1697 divini
830 1623 992 1699 timoris

484 1730 722 1806 Distineant
741 1731 1007 1829 animumque
1025 1731 1201 1808 firment.

717 2221 849 2287 XVIII.

168 2403 308 2481 BENE
335 2402 619 2480 AGENDUM:
659 2400 872 2479 CETERA
901 2401 1011 2479 Ι)Εο
1047 2402 1440 2482 PERMITTENDA.

1322 2526 1372 2581 for.
1389 2527 1424 2581 sv-

168 2618 289 2711 ,Toto
310 2616 418 2690 bella
437 2614 616 2690 tremunt
644 2617 758 2690 orbe:
788 2614 921 2704 minis,
953 2616 1164 2714 sanguine,
1195 2618 1390 2709 cladibus,

165 2722 363 2798 Flammis
391 2747 455 2796 res
484 2720 630 2818 agitur,
661 2721 844 2819 perfidia,
873 2721 1083 2797 fraudibus
1112 2749 1160 2798 ac
1189 2725 1315 2800 dolis!

167 2829 267 2920 Quis
295 2829 420 2904 finem
449 2833 603 2903 statuet
631 2827 856 2903 saevitiae?
886 2828 1080 2904 caedibus
1108 2831 1284 2907 horridis

167 2937 267 3026 Quis
296 2942 448 3010 terram
477 2934 650 3033 eripiet?
680 2934 866 3010 Iustitiae
896 2935 1059 3034 quando
1089 2937 1222 3014 aderit
1250 2963 1376 3030 soror,
1416 2993 1429 3029 ,

164 3043 410 3141 Incorrupta
437 3040 550 3130 fides,
590 3040 805 3138 integritas
835 3048 877 3116 et
903 3042 1025 3116 nivea
1052 3048 1153 3142 toga

167 3148 330 3224 Candor
345 3147 601 3246 conspicuus,
622 3147 863 3247 simplicitas
879 3154 1002 3247 atque
1021 3148 1181 3226 animus
1199 3154 1392 3250 probus?⁴

166 3257 270 3330 ‘Hae
294 3279 417 3329 voces
451 3255 655 3352 querulae,
685 3261 827 3329 sancte
855 3279 967 3353 puer,
998 3255 1132 3331 tristia
1159 3264 1392 3338 murmura.’

165 3361 249 3455 ‚An
278 3385 439 3460 semper
466 3360 591 3436 dubia
618 3361 728 3434 Mars
757 3361 846 3436 acie
873 3386 958 3436 non
986 3360 1085 3436 furit
1111 3362 1262 3464 impius
1416 3421 1430 3460 ,

164 3471 217 3544 Et
246 3467 393 3543 sternit
419 3466 558 3565 gladio
587 3467 802 3567 praecipiti
832 3473 904 3542 aut
931 3468 1093 3544 turbine
1121 3471 1329 3547 moeniaP‘

165 3575 373 3649 ‘Humano
402 3573 544 3673 generi
572 3574 825 3673 temporibus
853 3599 937 3649 non
965 3576 1082 3650 dolus
1111 3577 1312 3670 omnibus,

162 3682 293 3758 Fraus
314 3686 470 3780 agnata
488 3679 590 3755 fuit?
620 3680 724 3755 scire
742 3684 899 3778 negas?
929 3681 1026 3780 quid
1046 3683 1177 3758 scelus
1206 3688 1391 3786 obtegis?

163 3788 340 3862 Mundus
369 3812 453 3862 non
481 3786 633 3862 variat:
670 3786 757 3862 fata
786 3787 951 3862 eadem:
983 3788 1083 3862 dura
1110 3792 1336 3870 necessitas
1405 3845 1430 3887 ,2

163 3894 248 3970 Nos
277 3919 419 3994 parere
447 3894 571 3969 iubet.
603 3892 712 3984 Quid
739 3893 897 3968 miseris
927 3895 1089 3970 casibus
1117 3898 1328 3996 aggemis?

163 3999 231 4074 An
260 4001 474 4099 quisquam
493 4000 750 4075 immeritus?
780 4000 842 4073 Tu
862 4000 998 4099 potius
1017 4028 1186 4078 munere
1205 4003 1389 4104 fungere,

164 4107 283 4196 Quod
304 4107 463 4183 caelum
483 4107 690 4206 imposuit,
720 4106 843 4181 tende
862 4107 941 4200 via,
971 4134 1051 4207 qua
1075 4134 1241 4210 superos
1261 4121 1391 4212 petas,

161 4214 216 4288 Et
242 4214 435 4314 permitte
465 4214 541 4288 deo
571 4219 719 4305 cetera,
750 4238 854 4311 quae
874 4238 960 4288 sors
989 4216 1100 4290 levat
1127 4223 1200 4293 aut
1226 4220 1388 4318 premit.
1405 4272 1431 4311 ,0

161 4322 235 4396 Est
262 4319 362 4394 felix
389 4319 562 4411 animus
592 4319 750 4394 sidereo
780 4319 849 4419 qui
877 4323 1049 4396 recubat
1077 4322 1192 4397 sinu'
