3164 5154
503 274 577 330 LIB.
596 274 662 328 VH.
681 276 794 332 27-30.

579 490 717 555 XXIX.

176 655 344 734 FALSA
373 652 644 731 DOGMATA
673 652 789 732 IGNI
816 651 1127 730 TRADENDA.

224 815 293 890 Ad
321 813 387 888 dei
416 813 556 888 lumen
584 812 652 889 via
681 813 796 888 ducit
824 817 931 888 arta:
1130 829 1180 882 fol.
1202 828 1269 882 142¹·

224 920 407 996 Plurimo
436 919 584 994 sudore
612 925 808 1020 petuntur
836 924 957 1011 astra,

224 1029 282 1106 Ut
308 1034 447 1129 patres
477 1026 684 1126 quondam
712 1051 918 1118 monuere,
957 1025 1079 1125 prisci

331 1133 476 1209 Gloria
504 1133 641 1208 saecli.

225 1297 288 1370 Tu
316 1301 458 1369 tamen
485 1293 622 1368 reddis
651 1291 814 1366 facilem
843 1298 1035 1393 protervo

226 1402 426 1478 Semitam
456 1425 589 1491 suasu,
619 1399 841 1474 manifesta
867 1407 1062 1499 torquens

226 1509 433 1586 Caelitum
462 1507 638 1597 decreta,
667 1514 827 1582 remota
855 1531 949 1581 vero

331 1616 544 1712 Dogmata
572 1638 779 1713 spargens.

227 1776 401 1850 Fulmen
429 1774 526 1848 hino
556 1779 598 1848 et
624 1773 866 1873 pontificum
894 1796 1035 1847 verere

228 1883 463 1958 Contumax
491 1881 609 1973 iram3
639 1881 834 1980 populum
865 1881 1010 1955 docere

226 1990 349 2064 Falsa
378 1989 474 2062 dum
504 1994 653 2079 tentas,
683 1987 817 2087 aperis
846 1988 1054 2062 theatrum

333 2095 437 2169 Iuris
466 2094 607 2194 iniqui.

227 2255 392 2332 Veritas
422 2278 583 2353 semper
611 2253 688 2329 sibi
717 2261 901 2345 constat3
933 2278 1030 2328 aura

227 2362 392 2437 Mollior
418 2386 644 2460 numquam
672 2362 815 2436 nocuit
842 2385 1023 2435 veneno:

228 2471 325 2568 Ipsa
354 2469 480 2568 digno
510 2467 709 2567 supplicio
740 2476 903 2544 coercet

335 2574 468 2674 Impia
498 2575 622 2650 diota.

230 2736 400 2833 Ignibus
430 2734 624 2810 contrivit
651 2734 822 2833 hydram
851 2733 1067 2833 profanam

230 2843 361 2918 Natus
389 2841 593 2917 Alcmena
623 2841 863 2940 domuitque
891 2840 1073 2934 flamma3

230 2949 384 3025 Devios
412 2949 541 3023 fatum
571 2955 713 3023 manet
740 2949 820 3023 hoc
849 2947 1029 3022 libellos:

336 3057 536 3130 Mulciber
564 3063 664 3129 uret.

600 3424 718 3487 XXX.

263 3586 540 3663 MARTYRIS
569 3586 834 3663 lthRlTURl
864 3587 1051 3661 VERBA.

233 3748 349 3821 Iussa
378 3746 551 3820 servavi:
585 3752 781 3844 superest,
813 3771 1008 3819 coronam
1133 3758 1183 3812 fol.
1205 3760 1276 3814 142*-

233 3855 291 3931 Ut
318 3852 416 3926 mihi
450 3854 520 3926 des
549 3853 744 3942 iustitiae,
776 3878 964 3952 supreme

234 3960 403 4035 Arbiter
430 3960 581 4041 mundi
610 3985 780 4033 numero
810 3962 1023 4034 beatorum

340 4065 509 4166 Aequus
537 4074 584 4140 ut
611 4066 752 4141 addas,

235 4227 488 4324 Sanguinem
518 4226 645 4324 sparsi
675 4225 769 4299 fidei
800 4227 947 4311 calore,

236 4333 419 4407 Gloriam
448 4358 627 4432 sperans,
657 4333 837 4431 peritura
865 4357 1086 4429 numquam

236 4440 398 4515 Gaudia
427 4449 468 4514 et
498 4441 658 4513 dulcem
687 4439 814 4537 patris
844 4438 1044 4513 aeviterni

343 4547 520 4622 Cernere
550 4548 719 4621 vultum.
