3164 5154
607 273 680 327 LIB.
700 272 750 328 VI.
770 275 884 330 16-19.

681 505 814 571 XVIII.

294 702 458 780 VITAE
487 700 855 780 CHRISTIANAE
882 701 1209 781 PRAECEPTA.
1224 805 1265 861 fl
1296 807 1362 863 124*

154 924 187 991 e,
216 899 426 989 Faustino,
455 924 589 997 rogas,
620 899 717 998 quid
745 898 885 990 faciae,
914 904 1114 999 perpetuo
1143 923 1304 975 sacram

154 1007 232 1082 itae
260 1013 307 1082 ut
333 1006 536 1082 laetitiam
565 1006 778 1105 possideas
806 1006 985 1105 propitio
1015 1006 1103 1082 deo.

154 1136 224 1188 rae
251 1120 475 1212 praecepta
504 1113 617 1188 dedit
646 1114 769 1188 docta
798 1113 970 1189 cohors?
1008 1114 1107 1211 quid
1134 1111 1337 1212 sapientia

154 1220 310 1295 aelestis
338 1220 531 1321 prohibet
559 1220 706 1321 quidve
735 1221 872 1295 iubet?
899 1221 1039 1295 Rebus
1066 1222 1118 1296 ab
1148 1220 1337 1296 omnibus
1364 1258 1377 1295 a

153 1328 273 1402 udum
302 1326 406 1403 ferre
435 1352 609 1419 crucem,
640 1327 742 1404 dura
768 1327 856 1426 pati
883 1329 1063 1420 verbera,
1095 1326 1253 1427 corpori

153 1433 326 1533 ‚dulgere
354 1434 468 1526 nihil,
499 1433 662 1509 divitias
691 1459 894 1534 spernere,
922 1433 1057 1533 regias

153 1541 313 1616 sstidire
342 1543 495 1634 domos
524 1541 762 1616 criminibus
790 1542 856 1616 vel
882 1540 984 1616 vitio
1012 1539 1094 1615 levi

153 1672 204 1722 on
230 1651 426 1748 praebere
454 1649 603 1739 locum,
644 1649 829 1724 sensibus
858 1648 970 1724 haud
997 1648 1122 1722 fidere
1150 1648 1335 1749 propriis.
1365 1686 1378 1721 a

152 1754 192 1829 ad
219 1761 427 1854 praestare
456 1756 591 1847 fidem,
622 1780 726 1855 quae
757 1754 896 1833 docuit
922 1779 998 1830 nos
1027 1755 1279 1854 patrofilius

152 1869 291 1938 eterno
321 1863 497 1962 genitus,
529 1862 626 1936 dum
656 1862 785 1939 coluit
812 1861 1012 1937 sideribus
1042 1862 1173 1936 solum

151 1969 375 2044 ascendens
404 1968 568 2061 humile,
597 1975 720 2068 atque
748 1970 930 2044 Itacidas
958 1968 1118 2068 legibus
1147 1968 1311 2062 imbuit;

152 2101 201 2151 on
230 2084 374 2176 pectus
402 2076 605 2150 tumidum
634 2076 790 2169 tollere,
821 2077 893 2151 sed
920 2084 1055 2151 castra
1083 2075 1297 2174 superbiae
1352 2108 1377 2146 ιε

152 2181 327 2258 eclinare
355 2183 488 2258 modis
518 2183 708 2259 omnibus
737 2191 780 2260 et
806 2208 1079 2284 praepropero
1109 2183 1251 2282 gradu,

151 2315 202 2366 on
231 2290 385 2365 ambire
415 2290 539 2365 decus
567 2314 644 2366 neo
673 2291 828 2365 luteam
858 2315 1054 2390 quaerere
1082 2289 1268 2388 gloriam,

151 2422 268 2496 apsos
296 2396 453 2496 erigere
482 2403 524 2472 et
550 2398 798 2497 pauperibus
826 2397 965 2473 taedia
993 2397 1167 2489 demere,

151 2528 203 2580 on
230 2510 381 2580 terram
409 2505 587 2604 patriam
616 2505 778 2596 ducere,
809 2504 882 2579 sed
908 2528 1038 2602 regna
1064 2504 1273 2603 perennia.
1354 2533 1379 2575 a

151 2636 239 2686 srva
266 2613 369 2686 haec
397 2611 592 2687 sollicite:
623 2612 721 2711 quid
750 2611 937 2687 dubitas?
966 2609 1128 2687 laetitia
1155 2609 1323 2685 adflues.

702 2999 803 3064 XIX.

278 3178 493 3256 FUTURA
522 3180 639 3257 NON
668 3179 838 3257 ANXIE
867 3175 1220 3283 INQUlRENDA.

149 3357 307 3434 [ortales
334 3355 528 3431 miserum
557 3381 698 3455 genus,
1222 3372 1272 3426 fol.
1294 3373 1363 3428 125¹-

220 3464 331 3554 Quos
358 3470 534 3537 ventura
560 3462 676 3538 iuvat
703 3490 824 3540 nosse
851 3465 1034 3566 pericula

149 3570 304 3647 tvitae
334 3570 503 3645 dubium
533 3576 702 3645 statum!

220 3679 274 3752 Et
301 3676 399 3777 quid
426 3675 626 3776 profuerit
653 3677 790 3754 tristia
818 3678 986 3768 discere,

152 3810 232 3861 uae
261 3809 423 3885 semper
448 3783 594 3859 melius
621 3784 777 3862 latent?
1080 3870 1082 3875 ,

223 3890 337 3980 Quae
366 3916 462 3965 vero
491 3891 659 3981 utilitas
699 3893 794 3966 dum
827 3895 936 3968 bona
967 3891 1168 3991 praecipis

148 4004 167 4074 t
196 4023 289 4098 spes
319 3998 485 4073 credula
512 3998 689 4073 luditur?

223 4104 316 4196 Cur,
347 4130 510 4204 quaeso,
540 4112 636 4180 ante
665 4104 796 4196 times,
832 4131 954 4204 quam
982 4105 1153 4181 veniant
1179 4105 1289 4180 mala
1370 4142 1383 4179 s

149 4219 168 4288 t
197 4211 367 4309 cingant
394 4213 613 4286 tremulum
642 4217 791 4311 caput?

226 4318 308 4394 Cur
335 4320 514 4417 gaudere
543 4319 655 4409 libet,
686 4319 783 4393 dum
810 4319 952 4418 procul
980 4318 1142 4419 aspicis,

147 4447 234 4511 tuae
261 4451 485 4525 numquam
512 4434 653 4502 tamen
682 4426 894 4502 accident?

224 4533 450 4623 Praesenti,
480 4558 641 4623 moneo,
673 4534 769 4608 dum
797 4533 905 4624 licet,
935 4538 1050 4608 utere
