3164 5154
586 225 660 281 ΗΒ.
680 227 730 282 VI.
750 229 829 284 5-7.

214 426 343 518 Felix,
374 450 497 525 quem
527 426 708 526 excipiet
734 426 850 525 regia
879 426 1097 518 Caelitum,

214 534 337 609 Nullo
370 535 512 609 clausa
539 533 610 608 ubi
640 540 736 610 sunt
763 533 918 633 gaudia
945 532 1097 608 limite!

215 642 290 717 Est
316 640 462 717 mortis
491 640 650 740 rigidae
681 647 797 716 certa
823 640 1069 716 necessitas:
1218 681 1223 691 ·

325 747 523 824 Gressum
553 749 702 824 semita
731 747 889 824 dividit.

656 1454 734 1519 VII.

50 1686 347 1766 EPICEDION
381 1687 708 1766 NOBILISSIMI
742 1687 958 1764 IUVENIS
991 1688 1339 1766 MAXIMILIANI

225 1812 543 1903 SIGISMUNDI
572 1812 614 1888 L.
645 1813 688 1889 B.
717 1814 753 1888 A
781 1812 1172 1890 LANDFRITZON.

53 2024 338 2103 Maximiliane
365 2030 460 2100 tuos
489 2025 625 2101 subito
656 2025 714 2099 sic
744 2024 930 2101 deseris?
959 2032 1071 2102 astra
1168 2039 1310 2096 f01·120¹·

163 2131 345 2209 Caelesti
372 2131 456 2207 iam
484 2133 654 2207 numine
683 2131 830 2230 plenus

52 2239 188 2317 Primo
217 2239 318 2316 flore
346 2238 574 2314 iuventutis
604 2239 825 2331 subiturus,
856 2238 1001 2315 amicis

160 2345 354 2422 Adflictis
382 2347 614 2422 valedicere
642 2347 814 2445 poscis?

47 2452 112 2530 At
138 2478 225 2528 non
252 2454 357 2528 haec
384 2452 501 2529 fratri
531 2454 739 2553 quondam
768 2452 972 2552 promissa
1000 2452 1163 2546 dedisti,

158 2559 347 2636 Ausonio
381 2586 475 2635 cum
505 2585 599 2636 rure
628 2561 803 2635 salutem

43 2666 221 2745 Misisti:
251 2669 444 2766 sperabat
472 2668 583 2742 enim
612 2667 695 2741 iam
722 2691 855 2765 paene
884 2667 1080 2742 cadentes

162 2773 327 2873 Sospite
354 2780 397 2849 te
426 2781 615 2849 constare
644 2780 828 2873 penates.

42 2882 209 2959 Verum
237 2887 324 2956 tam
354 2880 477 2956 celeri
506 2906 581 2956 nos
609 2887 791 2956 maestos
819 2886 952 2956 morte
980 2880 1177 2981 relinquis

160 2989 214 3062 Et
241 2987 358 3063 luctu
387 2987 561 3087 configis
590 2990 753 3062 acerbo.

48 3095 164 3186 Quid
191 3093 364 3170 miscere
392 3101 534 3170 tamen
562 3095 702 3170 tristes
731 3094 846 3169 iuvat
874 3118 1003 3192 usque
1033 3094 1230 3194 querelas,

162 3200 266 3276 Cum
294 3227 381 3276 non
408 3202 453 3276 in
480 3208 523 3276 te
553 3201 675 3300 culpa
702 3201 884 3276 residat?
1302 3234 1325 3273 ιε

47 3309 283 3385 Immatura
310 3307 427 3383 ferox
456 3307 622 3407 abrupit
649 3308 828 3384 stamina
857 3307 1007 3384 Clotho

161 3417 216 3491 Et
242 3421 463 3516 properato
492 3415 635 3489 funere
664 3415 818 3490 mersit.

50 3521 247 3598 Sidereos
277 3523 419 3598 oculos
449 3529 492 3597 et
518 3523 655 3597 lucem
682 3521 829 3597 frontis
860 3546 1061 3597 amoenae

160 3631 236 3704 Est
262 3627 387 3704 febris
418 3630 591 3729 depasta
618 3630 813 3728 maligna.
1300 3660 1325 3699 ιε

51 3736 145 3813 Non
174 3735 273 3811 flavi
302 3737 446 3828 crines,
475 3761 561 3811 non
591 3737 671 3811 oris
701 3735 837 3835 gratia
865 3735 992 3826 flexit,

161 3843 350 3942 Purpura
377 3867 463 3918 non
491 3843 672 3917 iucunda
699 3867 910 3942 genarum.

55 3947 165 4040 Quid
193 3950 359 4049 pietas?
389 3949 488 4048 quid
516 3957 661 4026 sancta
678 3951 806 4025 fides?
836 3948 935 4050 quid
955 3946 1131 4050 denique
1150 3972 1285 4025 mores

164 4056 333 4149 Since1i,
365 4057 465 4156 quid
492 4057 580 4132 vita
607 4058 828 4132 modesta?

53 4164 216 4264 Exigua
242 4189 354 4239 nunc
381 4164 485 4238 haec
514 4189 617 4239 urna
646 4165 841 4239 conclusa
867 4169 1073 4262 teguntur,

162 4270 212 4345 ln
239 4270 407 4346 titulum
435 4271 502 4346 vel
531 4272 693 4369 sculpta
720 4270 908 4369 sepulcri.

54 4376 165 4469 Quid
194 4378 317 4476 fingit
343 4403 460 4453 mens
489 4403 615 4454 caeca
642 4378 749 4452 sibi?
782 4377 876 4452 Non
903 4377 1046 4452 interit
1072 4399 1268 4474 umquam

165 4484 323 4560 Virtus:
355 4511 503 4559 aevum
533 4486 655 4560 durat
684 4485 726 4558 in
755 4508 891 4577 omnc3
1299 4511 1326 4553 η
