3164 5154
708 205 913 260 SILVARUM

783 527 829 590 11.

444 759 686 836 EXTREMI
715 760 902 838 IUDlCll
931 761 1172 841 HORROR.

384 972 524 1073 Surge,
555 975 623 1074 qui
653 975 820 1050 dormis:
849 982 973 1051 vocat
1000 975 1054 1050 ad
1081 977 1269 1054 tribunal
1308 992 1354 1047 foi
1373 992 1424 1048 rar·

382 1080 534 1155 Iudicis
565 1083 713 1156 summi
742 1083 900 1158 sonitus
929 1085 1134 1174 tubarum,

383 1188 439 1265 Ut
466 1197 562 1264 tuae
590 1214 747 1289 peenas
774 1188 928 1265 referas
957 1191 1022 1265 vel
1051 1215 1188 1290 aequa

487 1296 681 1372 Praemia
707 1297 829 1372 vitae.

383 1490 543 1565 Cuncta
559 1502 745 1568 'censura
771 1492 906 1590 rigida
932 1500 1143 1584 notantur,

383 1597 497 1686 Quae
526 1597 592 1672 vel
621 1598 742 1697 egisti
771 1599 835 1673 vel
865 1624 908 1675 es
937 1600 1135 1691 elocutus

383 1706 521 1780 Mente
550 1705 616 1779 vel
642 1705 772 1779 volvit
799 1710 1041 1782 tenebrosus
1069 1732 1194 1800 error,

488 1812 649 1887 Maesta
675 1813 741 1887 vel
768 1812 841 1888 ira.

380 2007 523 2081 Nullus
552 2014 690 2083 orator
716 2008 910 2084 miserum
939 2016 1076 2085 tuetur

380 2115 466 2189 Nee
494 2138 564 2189 reo
593 2114 730 2190 fautor
757 2115 823 2189 vel
851 2116 1008 2192 anricus
1037 2117 1195 2211 haeret;

380 2222 519 2295 Nudus
548 2221 705 2296 assistis
734 2223 847 2296 velut
874 2226 1020 2324 umbra
1046 2226 1219 2323 pallens:

486 2327 634 2404 Terror
656 2328 821 2427 ubique.
908 2428 910 2433 Ι

382 2523 579 2601 Subiaeet
606 2532 749 2600 nostra
775 2525 944 2624 regione
975 2551 1098 2627 saepe

381 2631 515 2706 Causa
541 2631 671 2731 peieri
700 2631 863 2707 melior:
893 2634 960 2708 vel
987 2659 1086 2709 auro

380 2738 760 2839 Vincitur-praetor
788 2739 853 2814 vel
882 2745 1006 2816 acuta
1035 2741 1159 2817 solvit

484 2846 647 2944 Lingua
674 2854 906 2922 nocentem.

378 3041 458 3115 Hic
486 3041 599 3116 locus
627 3043 764 3117 nullus
792 3043 981 3142 precibus
1010 3045 1077 3119 vel
1104 3048 1199 3138 aeri,

378 3148 522 3223 Nullus
551 3149 619 3224 hie
648 3156 712 3224 est
741 3149 902 3249 eloquio
933 3151 1085 3228 diserto

378 3255 465 3331 Nee
493 3257 637 3331 valent
663 3257 778 3356 leges
807 3257 872 3332 vel
900 3257 1043 3358 iniqua
1069 3259 1173 3335 vafri

484 3363 588 3437 Iuris
617 3364 767 3463 imago,

379 3557 509 3632 ludici
539 3567 635 3634 sunt
663 3561 802 3635 emnia
828 3569 930 3638 nota
957 3562 1126 3638 dudum:

378 3664 577 3739 Abditum
604 3667 762 3742 nullum
791 3669 924 3744 scelus
953 3677 1024 3745 aut
1052 3670 1213 3770 cupido.

382 3772 524 3847 Fertur
552 3773 648 3848 hine
677 3776 884 3852 sententia
910 3776 1031 3867 iusta,
1062 3777 1111 3853 de
1141 3803 1222 3878 qua

483 3880 613 3954 Neine
644 3889 847 3980 queratur.
