3164 5154
515 243 589 297 LlB.
608 241 658 297 vl.
678 243 792 299 14-16.

178 443 310 532 Quem
338 468 423 517 non
452 441 656 518 Socratici
683 441 898 542 pelliciant
923 442 1028 532 libri,

176 549 234 628 Ut
260 551 401 624 turbas
430 548 593 646 fugiens
623 573 665 622 se
695 548 922 647 sapientiae

177 656 419 755 Praeceptis
448 655 591 755 rigidis
621 655 805 731 suaviter
831 656 1001 747 imbuat,

283 764 412 838 Veras
442 762 607 838 divitias
637 766 775 838 amet?

176 925 263 997 Nec
290 924 403 1022 leges
432 921 655 1013 Themidis,
687 930 832 999 sancta
860 923 1081 1013 volumina,

179 1030 278 1120 Quis
309 1035 421 1105 stant
448 1055 589 1128 regna,
620 1031 728 1105 salus
757 1030 923 1130 publica
950 1029 1097 1104 nititur

177 1138 230 1210 Et
258 1143 403 1235 gentes
432 1142 583 1213 coeunt
610 1135 776 1212 foedere
804 1144 960 1229 mutue,

284 1243 506 1320 Absistunt
533 1242 687 1318 laribus
715 1244 831 1319 meio.

180 1404 268 1479 Hos
298 1404 406 1479 inter
434 1405 606 1480 comites
634 1405 767 1479 laetus
797 1405 1027 1492 obambulo,

179 1511 258 1600 Qui
285 1536 351 1585 me
379 1511 584 1609 praesidio
614 1512 778 1610 cingere
808 1512 1032 1587 sustinent:

181 1617 275 1691 Non
303 1619 439 1716 plures
467 1617 642 1694 referam
670 1644 747 1693 nec
775 1624 934 1694 veteres
962 1624 1100 1718 patres

284 1724 393 1798 Hinc
421 1727 641 1801 abscedere
669 1725 842 1801 nescios.

178 1885 335 1959 Forsan
364 1884 549 1977 tristitia,
577 1885 857 1984 Bellerophon
883 1884 997 1959 velut

178 1992 250 2066 Est
280 1992 488 2090 quondam
517 1992 672 2081 solitus,
702 1992 867 2067 moenia
895 1992 1062 2066 desero?

178 2098 245 2172 Me
273 2098 494 2198 tranquilla
522 2100 637 2198 quios
667 2107 789 2198 atque
819 2098 946 2173 animi
974 2099 1086 2173 nitor

289 2205 473 2280 Suadent
501 2210 647 2304 tesqua
673 2206 891 2305 requirere.
1257 2257 1284 2295 a

610 2806 705 2870 XVI.

312 3019 474 3098 CALIX
502 3021 766 3098 BIBENDUS
795 3021 1003 3098 DOMINI.

176 3235 329 3309 Potare
359 3235 478 3310 dulce
507 3241 584 3309 est:
615 3234 705 3334 quis
733 3235 845 3310 labia
872 3233 998 3324 arida,
1128 3247 1179 3302 fol.
1200 3250 1273 3305 124‘·

176 3344 355 3418 Multum
384 3367 556 3441 capaces
585 3347 790 3417 evacuant
818 3342 1005 3440 scyphos,

233 3447 336 3523 Cum
364 3456 483 3547 terga
512 3448 582 3523 Sol
610 3456 730 3547 urget
757 3448 920 3535 Leonis,

283 3558 395 3631 Rura
424 3555 622 3630 Canicula
649 3555 769 3629 findit
796 3561 924 3630 aestu.

177 3715 293 3789 Haec
322 3740 406 3790 non
434 3715 563 3790 amori
591 3717 742 3815 pocula
770 3721 866 3789 sunt
894 3739 1022 3792 sacra:

179 3820 260 3895 Sed
289 3822 495 3920 propriam
525 3824 664 3922 explet
692 3823 863 3922 quisquo
892 3822 1138 3921 cupidinem,

230 3929 291 4002 Ne
320 3929 449 4003 tristis
478 3930 599 4004 ardor
626 3933 813 4005 membra
841 3928 989 4004 adurat

284 4037 337 4110 Et
364 4036 493 4111 nim'io
522 4042 694 4135 pereant
722 4037 871 4112 calore.

177 4194 305 4270 Nobis
334 4195 526 4295 propinat
554 4221 675 4296 quem
704 4196 874 4270 calicem
905 4194 1015 4286 douo,

178 4300 483 4377 Absorbeamus
512 4329 596 4378 non
624 4303 784 4401 trepida
812 4328 945 4392 manu,

233 4407 337 4483 Cum
366 4411 573 4508 cymbium
601 4418 764 4485 nostrae
795 4409 948 4499 salutis

284 4516 516 4617 Perpetuae
543 4523 643 4592 nota
672 4516 727 4592 sit
754 4517 912 4615 quietis.
1261 4569 1285 4608 u

1138 4636 1189 4693 18·
