3164 5154
530 256 604 312 LIB.
623 255 672 310 VI.
693 257 807 312 19-21.

607 717 706 784 XXI.

290 970 649 1048 PHILOSOPHIA
679 968 1024 1046 CHRISTIANA.

179 1220 288 1309 Quid
317 1226 412 1294 sunt
440 1218 636 1294 divitiae?
666 1217 764 1316 quid
792 1223 937 1292 tenues
966 1217 1097 1292 lares?
1143 1234 1194 1287 for.
1215 1235 1290 1289 125'·

179 1326 287 1416 Quid
315 1326 500 1400 sublimis
528 1325 671 1414 honor,
702 1325 880 1399 dedecus
911 1349 960 1399 ac
987 1327 1206 1423 probrum?

229 1433 370 1508 Plebis
400 1432 594 1532 deprimit
621 1432 701 1506 ista

285 1539 372 1614 Aut
400 1539 555 1616 attollit
584 1538 735 1638 opinio.

178 1718 294 1792 Haec
324 1717 426 1792 dura
452 1716 624 1791 miseros
652 1715 849 1816 pauperie
879 1720 1030 1814 crepat,

176 1824 336 1899 Felices
366 1823 512 1923 opibus
540 1822 673 1898 iactat
700 1830 743 1897 et
770 1820 913 1899 aulicis

232 1932 343 2022 Quos
370 1930 536 2005 fortuna
563 1932 707 2006 beatos

287 2036 450 2137 Anceps
478 2037 614 2112 reddit
642 2036 861 2111 amoribus.

177 2214 325 2289 Missus
355 2214 513 2290 sidereo
543 2239 619 2290 nos
648 2214 767 2289 aliter
795 2214 918 2287 docet

179 2320 260 2395 Sed
288 2346 416 2419 regno
445 2321 664 2396 Dominus:
694 2345 885 2421 spernere
914 2318 1116 2419 praecipit

230 2429 375 2502 Mundi
404 2428 556 2527 gaudia
584 2428 707 2519 fluxa,

284 2535 541 2610 Immortalia
570 2558 776 2633 quaerere.

176 2713 229 2786 Et
256 2715 379 2788 rebus
409 2712 537 2788 veluti
565 2711 747 2787 vestibus
778 2710 872 2785 exui

177 2819 380 2911 Terrenis,
411 2819 564 2908 niveos
596 2819 665 2918 qui
692 2818 883 2893 redolent
910 2818 1062 2918 polum,

234 2924 390 3002 Contra
418 2951 577 3001 sumere
606 2951 741 3002 mores

285 3033 431 3109 Verbis
461 3033 647 3108 dulcibus
677 3034 883 3107 admonet.

178 3211 376 3311 Exemplo
406 3210 564 3312 praeiit
593 3236 645 3286 ne
672 3209 816 3310 pigeat
844 3208 978 3309 sequi:

177 3317 263 3392 Nec
292 3325 422 3393 turres
451 3343 528 3393 neo
558 3342 679 3416 agros
707 3316 893 3417 possidet
920 3323 992 3392 aut
1020 3316 1179 3411 domos3

231 3425 351 3498 Illum
380 3425 495 3499 nulla
522 3426 725 3524 voluptas

282 3533 429 3606 Nullae
459 3531 631 3606 deliciae
660 3530 840 3606 trahunt.

176 3709 285 3807 Ergo
318 3708 598 3784 Glrristiadum
628 3707 825 3806 dogmata
852 3706 994 3782 mollia

176 3815 271 3890 Non
299 3821 396 3890 sunt
422 3840 501 3891 rrec
531 3814 673 3914 rigidis
703 3840 849 3916 aspera
877 3813 1049 3910 legibus:

233 3923 548 3998 Conternnenda
577 3923 743 4013 caduca,

286 4030 343 4107 Ut
370 4030 476 4105 veris
504 4030 643 4128 potiar
670 4027 800 4103 bonis,

178 4207 313 4297 Quare
342 4206 555 4306 praecipiti
585 4206 690 4282 liber
717 4209 769 4281 ab
799 4205 958 4281 ambitu

176 4315 230 4389 Et
259 4314 471 4388 desideriis
499 4313 633 4387 nudus
662 4315 714 4387 ab
745 4313 935 4388 omnibus

232 4421 347 4496 Caeli
376 4422 486 4495 iussa
512 4443 653 4494 verere

284 4528 338 4602 Et
366 4553 482 4602 curas
511 4527 654 4626 procul
682 4551 840 4616 amove,
