3164 5154
710 252 913 309 SILVARUM

365 453 534 528 ·Nullus
562 452 671 527 hanc
699 478 844 552 rupem
871 453 1045 530 violabit
1071 454 1223 532 Auster

389 559 590 636 Prodiens
617 560 761 635 taetris
788 561 912 637 Erebi
941 563 1136 654 cavemus,

389 667 535 743 Nullus
564 665 758 765 effringet
785 665 897 743 furor
924 674 999 744 aut
1026 669 1185 745 cruenti

494 773 660 848 Proelia
686 773 843 849 Martis.

389 934 498 1008 Tuta
524 933 737 1033 promissis
765 933 933 1009 Domini
959 941 1161 1034 perennat

388 1041 474 1116 Nec
501 1040 624 1116 timet
651 1047 787 1116 motas
816 1040 954 1142 pelagi
982 1043 1195 1142 procellae,

388 1147 568 1246 Legibus
597 1147 737 1223 subdit
763 1148 938 1248 placidis
967 1149 1133 1249 Olympi

492 1254 629 1330 Effera
656 1255 775 1329 colla.

391 1414 578 1489 Siderum
605 1413 705 1490 felix
730 1415 846 1516 regio
875 1440 950 1514 per
976 1414 1100 1492 istam

388 1520 586 1596 Omnibus
614 1529 776 1620 petram
803 1522 919 1597 venit
946 1523 1193 1622 expetenda:

386 1628 477 1703 Hac
506 1629 586 1702 iter
612 1627 766 1719 tribum,
797 1628 962 1728 Stygias
991 1633 1184 1706 aberrans

491 1735 618 1812 Ducit
645 1737 699 1811 ad
725 1739 901 1812 umbras.

732 2072 890 2080 ———-—.

741 2331 879 2397 XXIX.

525 2546 777 2625 PECCATA
806 2545 1103 2625 CAPITALIA.

382 2760 593 2851 Monstra,
608 2784 712 2859 quae
740 2767 869 2836 terras
896 2760 1085 2836 habitare
1113 2762 1258 2855 cernis,
1287 2775 1403 2831 fol-187¹

383 2867 583 2942 Turribus
614 2866 746 2959 celsis,
776 2866 932 2942 laribus
959 2867 1111 2942 morari

384 2973 558 3064 Vilibus,
587 2973 707 3049 nobis
736 2973 925 3073 gravium
952 2975 1155 3050 malorum

491 3081 627 3156 Causa
653 3079 850 3156 ferrmtur.

384 3242 490 3316 Sunt
516 3265 644 3340 vapor
670 3239 821 3315 mentis
850 3239 1033 3315 tumidae
1062 3246 1188 3338 atque
1219 3241 1327 3315 avari

383 3347 571 3422 Pectoris
601 3347 753 3438 sordes,
782 3346 957 3425 Veneris
986 3345 1148 3445 cupid0,

384 3456 555 3554 Torpor,
583 3452 644 3529 ira
672 3461 796 3553 atque
823 3453 1006 3529 invidiae
1032 3477 1251 3544 venenum,

490 3560 626 3636 Ardor
654 3561 815 3636 edendi.

383 3723 500 3796 Haec
528 3726 674 3796 tenent
702 3744 888 3818 regnum,
918 3718 1188 3795 dominantur
1218 3722 1327 3811 orbe,

382 3829 554 3905 Exsulat
581 3826 710 3902 virtus
738 3826 867 3901 animi
894 3826 1085 3916 modesti,

384 3935 545 4010 Caritas
571 3933 706 4033 friget,
735 3934 831 4008 fidei
860 3940 1047 4009 vetustae

491 4041 634 4116 Gratia
661 4039 778 4139 fugit.

386 4201 484 4276 Sola
512 4224 606 4299 spes
634 4201 766 4276 lactat
792 4199 965 4275 miseros
993 4205 1180 4299 penates

383 4307 530 4381 Trudit
556 4307 752 4405 ignavum
781 4306 970 4383 domibus
999 4331 1204 4405 soporem,

384 4415 441 4492 Ut
468 4414 551 4489 suis
578 4415 699 4488 rebus
727 4413 900 4513 vigilare
927 4413 1070 4515 possit,

489 4521 654 4595 Damna
683 4544 839 4597 cavere.
