3164 5154
516 245 591 301 ΠΒ.
610 245 646 301 V.
668 247 766 304 9-11.

105 445 156 521 In
186 444 443 521 Christianos
471 445 581 521 bella
609 443 870 521 Christiedae
898 448 1057 544 gerunt,

216 552 390 628 Certant
417 551 597 626 cruentis
624 549 803 651 proeliis,

107 657 221 748 Quos
250 683 338 735 esse
366 657 515 734 fratres
543 657 721 733 invicem
750 657 856 732 fidos
886 656 1008 733 decet

213 767 307 844 Uno
335 765 573 866 redemptos
601 764 814 863 sanguine.

108 872 198 947 Nec
224 873 305 948 hoo
334 871 456 947 satis:
486 879 660 947 vocatur
687 870 740 946 ad
768 877 906 971 partes
936 869 1052 948 ferox
1141 875 1144 879 ’

213 978 341 1054 Asiae
369 986 573 1077 tyrannus
597 977 762 1077 impiae,

107 1084 222 1162 Auro
252 1091 423 1185 rogatur
449 1084 642 1185 perfidus,
671 1106 897 1184 numquam
924 1082 1027 1160 velit

110 1244 112 1249 >
215 1193 366 1268 Nostro
394 1190 528 1267 cruori
556 1215 735 1291 parcere

107 1297 296 1375 Ambitio
324 1298 466 1391 tristis,
504 1304 624 1398 turpe
652 1321 873 1396 regnorum
901 1295 1033 1386 nesae,

214 1405 417 1481 Perverse
444 1412 700 1505 sceptrorum
728 1404 837 1479 lues!

106 1511 366 1588 Praestantis
395 1511 494 1586 olim
521 1512 658 1611 gentis
687 1509 963 1611 opprobrium,
999 1473 1122 1602 furor,

214 1619 307 1694 Hoc
334 1617 513 1694 militare
542 1620 616 1693 sub
646 1619 773 1693 duce!

107 1726 291 1809 Thraces
318 1725 481 1818 iuvetis,
511 1731 559 1800 ut
585 1725 718 1823 magis
749 1728 909 1799 creseat
935 1723 1051 1816 fides,

215 1831 366 1908 Arabis
395 1830 622 1933 prophetae
652 1831 842 1907 somnia?

109 1938 213 2015 Post
239 1939 328 2014 fata
355 1939 537 2029 tandem,
568 1943 663 2038 post
687 1940 833 2012 breves
862 1936 973 2013 vitae
1002 1936 1089 2012 dies

218 2045 326 2136 Quid
355 2045 465 2122 dicet
494 2045 603 2120 orbis
632 2045 815 2120 arbiter?

110 2148 265 2227 Annon
292 2158 491 2227 nocentes
520 2158 682 2250 merget
709 2158 877 2226 aeterno
905 2174 1017 2249 rogo,

216 2259 339 2336 Erebi
368 2258 544 2336 caminis
573 2261 804 2359 excoquet?

114 2364 222 2457 Quid
249 2365 380 2442 fastus
408 2366 505 2457 11110,
534 2366 675 2464 regiae
704 2364 852 2440 frontis
880 2370 991 2456 nota,

216 2469 393 2548 Armate
419 2472 599 2547 militum
629 2470 804 2548 cohors?

109 2577 329 2655 Atrociore
356 2579 502 2680 puniet
529 2603 664 2679 poena
689 2602 792 2669 reos,

222 2685 312 2776 Quo
341 2685 533 2761 fulserint
560 2686 629 2760 hie
658 2684 828 2776 clarius3

110 2793 338 2869 Tormenta
366 2793 455 2867 dira
481 2793 688 2893 principes
717 2789 829 2866 saevi
857 2790 992 2866 ferent

216 2900 270 2976 Et
298 2899 530 2975 administri
560 2899 797 2974 criminum:

108 3005 203 3081 Non
230 3007 383 3082 blanda
411 3031 491 3083 vox
518 3006 587 3098 ibi,
617 3031 702 3081 non
730 3004 922 3080 adulator
949 3004 1079 3095 sedet,

218 3112 297 3204 Qui
324 3120 447 3213 rupta
474 3113 617 3189 19111191
643 3113 822 3188 foedera.

108 3219 289 3296 Enorme
317 3221 476 3311 vitium,
506 3218 668 3295 facinus
696 3218 896 3295 iniustum
924 3218 1062 3293 locum

218 3326 394 3403 Virtutis
422 3326 466 3400 in
494 3327 614 3402 terris
642 3332 778 3402 tenet:

109 3433 321 3534 Expendit
348 3460 482 3533 aequa
508 3434 629 3509 lance
658 3433 729 3508 sed
759 3433 892 3507 Minos
920 3434 1115 3531 probrum

217 3542 270 3617 Et
298 3542 424 3618 decus
454 3541 507 3616 ad
537 3564 711 3616 examen
739 3546 871 3615 vocat.

613 3872 679 3942 XI.

360 4034 498 4113 LAUS
528 4032 927 4112 CONSTANTIAE.

63 4195 192 4288 Quam
211 4197 384 4297 pulchra
402 4196 529 4271 virtus
550 4194 700 4270 mentis
720 4192 953 4292 intrepidae
972 4191 1102 4289 vigor,
1123 4201 1174 4257 fol·
1195 4203 1268 4260 111'·

167 4303 323 4380 Cedere
350 4327 429 4378 nec
457 4302 569 4377 vitiis
599 4302 669 4401 qui
697 4300 815 4375 novit
843 4304 916 4374 aut
944 4297 1150 4398 cupidini!

63 4408 192 4500 Quem
221 4413 347 4486 verba
374 4435 459 4485 non
489 4408 705 4484 emolliunt
732 4406 886 4481 blanda
914 4413 986 4481 aut
1013 4405 1152 4479 minae

163 4516 201 4592 N
204 4543 252 4594 ee
273 4524 416 4593 movet
434 4541 533 4592 aura
551 4517 654 4608 1000,
675 4513 861 4613 quamvis
880 4511 1035 4588 feratur
1052 4510 1231 4611 impetu3
1260 4547 1273 4584 4
