3164 5154
477 245 551 301 ΠΒ.
570 246 594 301 1.
612 247 728 304 30-32.

176 443 310 521 Audis
340 447 553 545 querelas?
583 472 637 523 an
665 447 744 523 sibi
774 449 938 524 somnia
1007 447 1008 452 ’

176 552 361 651 Fingunt
388 556 601 629 amantes?
629 554 711 629 huo
737 580 924 656 propera,
954 557 1057 649 vola,

230 660 373 735 Noctis
400 662 593 737 tenebras
621 668 669 737 ut
694 663 878 738 resolvas

283 766 421 866 Atque
449 767 578 843 animi
604 768 849 868 trepidantis
876 773 1069 847 umbrea‘
1205 805 1231 846 o

531 1071 689 1079 ———

521 1297 677 1364 XXXII.

244 1495 445 1572 MINIMA
473 1495 590 1573 NON
619 1496 953 1574 SPERNENDA.

178 1690 332 1788 Magna
359 1689 496 1790 parvis
524 1691 736 1791 principiis
765 1692 937 1770 subinde
1097 1707 1225 1765 f01.74v·

180 1797 281 1874 Orta
309 1796 516 1888 miramur,
546 1799 661 1874 tenui
690 1801 853 1876 labores

178 1904 377 1980 Horridos
407 1929 542 1996 eausa,
572 1906 739 2005 placida
768 1907 909 2007 quiete

284 2011 451 2087 Proelia
480 2012 592 2087 dura.
1216 2070 1231 2108 4

179 2169 309 2246 Tutus
325 2179 387 2247 est
399 2197 635 2272 numquam,
648 2198 833 2249 resecare
848 2174 1030 2276 quisquis

178 2277 214 2350 N
218 2278 373 2378 eglegit
399 2279 578 2379 primum
605 2280 768 2355 vitium:
800 2281 947 2381 cupido

178 2385 323 2460 Latius
351 2386 490 2486 serpit,
520 2386 653 2462 scelus
682 2387 778 2464 inde
807 2389 955 2464 oresoit

285 2491 450 2568 Viribus
479 2501 659 2569 auotum.

178 2651 312 2726 Fonte
341 2652 400 2727 sio
418 2653 571 2730 flumen
591 2652 755 2730 modico
775 2677 849 2752 per
868 2655 1029 2755 amplas

178 2758 351 2834 Labitur
377 2761 518 2852 valles,
546 2761 683 2836 renuit
711 2761 870 2835 minore

178 2864 310 2942 Alveo
340 2865 497 2965 stringi,
526 2867 683 2968 patitur
709 2892 786 2942 neo
815 2874 904 2943 arto

284 2974 437 3048 Limite
467 2975 614 3051 claudi.

178 3132 345 3231 Frigido
374 3136 504 3209 nubes
532 3135 728 3210 minimae
756 3159 909 3234 vapore

179 3239 286 3315 Solis
316 3246 495 3314 attractu
524 3247 685 3332 coeunt,
716 3241 789 3316 sed
816 3243 989 3318 imbrem

178 3347 403 3422 Maximum
431 3345 610 3423 fundunt
637 3348 782 3446 glaeie,
810 3350 1015 3448 procellis

287 3453 498 3528 Grandine
526 3456 713 3531 mixtum.

178 3613 382 3689 Arborem
410 3615 534 3688 ramis
563 3614 715 3714 patulis
744 3622 787 3691 et
815 3615 909 3690 altis
1008 3618 1009 3622 ’

178 3721 420 3796 Proximum
450 3722 566 3796 eaelo
598 3729 724 3821 eaput
753 3722 949 3797 extulisse

179 3827 341 3904 Cernis:
372 3853 426 3902 an
453 3853 537 3904 non
565 3829 682 3927 virga
709 3828 789 3904 fuit
814 3829 1002 3905 minuta?

284 3935 487 4034 Tempore
517 3936 655 4010 crevit.

177 4092 313 4169 Parva
339 4118 392 4169 ne
422 4120 601 4194 spernas,
631 4120 792 4186 moneo,
822 4119 899 4170 neo
919 4096 1029 4171 ausis

177 4201 338 4277 Vilibus
366 4205 488 4276 rebus
517 4201 696 4301 pretium
724 4227 895 4301 negare:

179 4307 339 4384 Ounota
369 4333 411 4383 se
431 4309 601 4384 tandem
621 4311 834 4384 cumulant
854 4316 895 4384 et
914 4316 1029 4385 aetas

283 4416 448 4492 Robore
477 4416 607 4492 fulcit.
