3164 5154
167 195 232 253 264
364 205 367 211 ·
702 181 905 238 SILVARUM

166 385 328 477 Miscet,
358 386 455 459 dum
484 383 673 484 loquitur,
701 382 834 458 minas

273 493 472 583 Intentat‚
502 490 692 565 manibus
721 490 853 565 saevit
880 490 1100 566 atrocibus.

167 602 343 689 Poenas,
373 597 576 699 supplicia
603 597 756 695 ingerit

275 708 462 783 Ventura
489 704 532 779 in
560 704 734 804 populos
763 730 785 780 e
814 729 1006 805 superum
1033 704 1184 803 plagis,
1413 738 1434 778 n

171 815 290 891 Orbis
318 813 362 888 ni
390 813 468 888 sibi
496 810 655 887 deferat

280 920 446 996 Cultum
475 926 599 1018 atque
629 917 883 1019 obsequium,
913 918 1052 1018 placet
1078 917 1327 994 honoribus.

170 1028 266 1104 Stat
294 1028 411 1127 plebs
440 1026 621 1102 attonita
649 1032 692 1101 et
719 1025 856 1101 timet:

277 1134 380 1211 Pars
408 1134 516 1208 ridet
544 1132 690 1208 melior
718 1132 831 1207 dicta
858 1130 1061 1208 tumentia

172 1240 494 1339 Contemnitque
523 1239 768 1338 superbiam,

280 1349 479 1424 Versutcs
508 1348 678 1446 laqueos
709 1353 752 1422 et
779 1345 932 1421 tacitos
960 1345 1087 1439 dolos,

174 1454 274 1545 Quis
304 1455 516 1530 inflectere
542 1453 688 1530 nititur

278 1563 441 1637 Mentes
470 1560 701 1660 ambiguas,
731 1566 777 1634 ut
805 1558 882 1634 sibi
910 1562 1137 1659 praebeant
1414 1592 1438 1631 n

171 1668 331 1743 Aurum
362 1674 404 1743 et
432 1693 602 1742 munera
630 1666 791 1757 divites,

282 1775 372 1866 Quo
402 1776 573 1851 tandem
603 1775 728 1850 satiet
755 1773 885 1873 turpis
915 1774 1038 1848 homo
1067 1775 1222 1872 gulam.

174 1882 266 1956 Hac
296 1882 395 1981 quid
422 1880 582 1957 foedius
611 1881 760 1981 aspicit

280 1991 357 2065 Vel
387 1989 485 2089 quid
514 1989 630 2064 triste
658 1987 791 2087 magis
810 1988 1004 2063 Phoebus
1032 1987 1244 2087 imagine?

172 2095 345 2172 Pastum
374 2098 449 2171 sub
478 2095 592 2171 tenui
620 2097 705 2171 lare

281 2205 334 2278 Et
361 2210 485 2302 rupta
511 2203 706 2279 stolidum
737 2203 826 2302 quis
856 2202 1007 2277 toleret
1032 2203 1160 2300 toga?

785 2861 845 2925 IV.

349 3076 680 3155 DESIDERIUM
711 3076 1002 3156 CAELESTIS
1032 3075 1276 3153 PATRIAE.

508 3191 513 3200 ’
1294 3199 1345 3255 fol.
1366 3200 1435 3256 118*-

177 3289 294 3380 Quae
308 3289 504 3365 miserum
519 3291 654 3383 tellus,
676 3291 766 3390 quis
786 3315 852 3365 me
872 3295 988 3364 tenet
1007 3314 1119 3366 error
1134 3289 1406 3389 impeditum?

285 3398 423 3472 Eheu!
453 3423 601 3496 parum
629 3398 739 3473 notis
769 3396 935 3497 quiesco
965 3396 1140 3496 tesquis!

180 3504 274 3578 Ah!
302 3530 356 3580 ne
384 3510 486 3580 nota
513 3504 669 3580 ferent:
700 3505 860 3580 utinam
889 3504 995 3603 pede
1022 3505 1164 3581 nescio
1193 3504 1357 3580 viarum

285 3613 488 3686 Emensus
519 3636 652 3686 essem
680 3612 838 3686 lubrica
866 3617 909 3685 et
937 3609 1170 3687 stetissem!

179 3717 313 3807 Quam
341 3718 469 3793 fallax
497 3720 643 3818 procul
671 3743 770 3793 aura
798 3719 973 3817 gradum
1002 3717 1125 3794 nivea
1154 3719 1295 3796 Sionis
1314 3745 1406 3796 arce

284 3826 450 3900 Avertit
479 3834 522 3900 et
548 3825 726 3925 patriam
755 3833 871 3900 vetat
899 3824 1056 3899 subire!

180 3932 292 4022 Quot
314 3931 461 4007 vinclis
480 3934 706 4031 Babylonis
735 3932 916 4007 culmina
944 3931 1145 4007 distinent
1162 3932 1404 4023 revinctum,

286 4040 397 4130 Quot
425 4039 615 4139 implicat
641 4039 760 4115 nodis
788 4038 962 4139 profana
989 4039 1216 4139 Memphis!

180 4147 356 4238 Quando
386 4146 490 4222 liber
520 4150 615 4222 ero?
645 4148 808 4246 quando
831 4147 1019 4246 Selymas
1038 4147 1188 4223 videbo
1210 4148 1405 4249 sponsas?

287 4252 473 4330 Aeterna
502 4253 665 4352 quando
694 4255 861 4329 moenia
888 4255 1104 4330 intuebor?

178 4362 270 4436 Illic
298 4370 544 4461 perpetuum
572 4361 678 4435 veris
708 4363 833 4436 decus
862 4363 975 4436 aurei
1004 4363 1166 4437 renidet

286 4470 341 4543 Et
367 4469 498 4544 mixta
525 4468 644 4545 violis
673 4469 857 4544 albicant
884 4469 1070 4566 ligustra.
