3164 5154
591 243 665 298 LIB.
688 243 711 297 Ι.
732 245 844 301 11-13,

181 438 262 529 Sic,
291 440 362 514 ubi
387 441 499 515 venti
520 440 645 538 gelidi
665 440 876 516 minantur

179 546 233 623 Et
265 547 421 622 eadunt
449 547 564 622 caele
593 547 757 645 pluviae
784 548 1030 647 frequentes,

182 652 344 729 Cuncta
371 653 612 752 frigescunt,
642 663 784 752 tegere
813 663 876 730 est
903 680 1098 731 amoenas

287 760 433 834 Tutius
462 766 590 834 artes:

179 919 327 994 Tristis
357 926 401 994 at
429 919 541 994 silvis
571 946 664 994 eum
694 921 847 1020 Aquilo
876 920 1044 1011 recedit,

179 1024 416 1101 Amadum
446 1027 575 1125 spirat
601 1027 779 1125 Zephyri
811 1052 955 1103 serena

177 1134 233 1207 Et
261 1133 371 1208 calet
398 1133 540 1231 quivis,
570 1133 689 1208 avide
710 1134 877 1209 decebit

285 1239 480 1313 Promere
509 1239 637 1315 detes.

181 1397 265 1473 Cur
295 1399 395 1472 eolis
424 1406 541 1473 tanto
572 1400 706 1474 studio
735 1398 992 1474 Minervam?

181 1504 264 1580 Cur
292 1505 361 1579 diu
389 1513 597 1604 noctuque
626 1531 792 1581 manum
821 1504 973 1604 fatigas

178 1611 297 1687 Solus
326 1619 369 1686 et
397 1612 519 1686 docto
551 1613 752 1687 citharam
781 1637 976 1687 canoram

300 1718 456 1792 Pollice
484 1722 648 1794 tentas?

178 1880 271 1954 Non
299 1879 375 1953 tibi
404 1886 577 1969 tantum,
608 1888 652 1953 at
680 1879 838 1978 patriae
867 1886 991 1978 atque
1020 1878 1164 1956 amieis

179 1985 310 2061 Natus
340 2010 402 2060 es:
434 1984 552 2086 fungi
582 1984 719 2060 officio
750 1992 971 2073 mediante,

183 2093 273 2182 Quo
303 2093 403 2166 deus
433 2093 584 2166 dudum
614 2092 756 2166 voluit.
787 2092 895 2182 Quid
925 2093 1076 2167 audes?

287 2200 422 2297 Turpe
453 2200 582 2273 silere.

181 2357 310 2456 Signa
339 2359 410 2432 sed
438 2357 617 2456 praefers
647 2358 774 2433 animi
793 2359 969 2433 modesti

179 2464 267 2538 Nee
295 2464 411 2539 iuvat
438 2465 675 2539 thesaurum
705 2464 863 2564 aperire
891 2465 1056 2541 mentis:

183 2570 284 2646 Sera
310 2595 394 2644 nen
423 2578 465 2645 te
493 2571 709 2669 posteritas
737 2578 928 2647 tenacem

288 2677 381 2751 Iure
408 2676 604 2752 vocabit?

671 3205 769 3269 ΧΙΠ.

246 3401 472 3478 INVITAT
500 3402 763 3480 MAXIMUM
791 3402 862 3478 ΑΙ)
893 3401 1183 3479 STABULUM

447 3522 980 3602 BETHLEHEMITICUM.

183 3754 310 3830 Sedes
338 3752 542 3830 aetherias
570 3754 682 3829 subis
1230 3764 1278 3819 fol·
1298 3767 1332 3821 θ’·

289 3860 570 3960 Explorasque
598 3860 697 3950 vias,
727 3859 915 3949 Maxime,
944 3859 1135 3949 siderum,

183 3964 277 4055 Qua
304 3974 441 4042 currat
467 3967 606 4041 Venus
635 3991 771 4058 aurea,

291 4072 450 4148 Orudus
478 4071 584 4148 falce
613 4098 738 4147 senex
768 4081 809 4147 et
837 4098 943 4170 vaga
973 4069 1163 4169 Cynthia,

184 4179 313 4258 Ursae
341 4204 421 4278 quo
450 4179 612 4277 gelidae
641 4179 748 4278 pole,

291 4286 402 4359 Dum
430 4286 560 4384 mergi
589 4293 780 4360 metuunt
806 4285 999 4360 fluetibus
1028 4282 1226 4382 aequoris,

183 4391 287 4468 Ortu
317 4416 439 4492 quam
468 4416 586 4467 roseo
616 4392 743 4466 micet

293 4498 399 4574 Solis
426 4499 696 4598 praeveniens
724 4497 919 4597 lampada
947 4496 1217 4596 phosphoms.
1332 4542 1347 4580 ⁸
