3164 5154
164 265 183 321 3
705 252 922 308 crunnum

165 452 346 550 Quisque
384 451 496 526 domi
533 451 718 525 residens
751 456 864 524 artus
892 447 1006 524 fovet
1033 450 1130 548 igne
1159 457 1392 552 temperato

269 559 324 633 Et
350 555 539 656 fungitur
567 564 684 632 sueto
714 558 767 632 ad
795 556 933 630 focum
960 557 1112 633 labore.

166 666 391 741 Solvuntur
419 663 541 740 citius
570 689 688 738 sacra
715 688 898 754 munera,
927 663 1063 738 nullus
1091 666 1237 740 haeret
1265 665 1360 760 aris,

269 770 440 846 Devitat
467 796 592 846 aurae
622 770 794 869 quilibet
822 769 1012 844 furorem.

166 879 387 953 Certamen
414 877 542 952 veluti
572 878 669 950 dum
698 877 872 950 sumitur
901 883 944 951 et
971 876 1126 952 cadunt
1152 878 1338 977 manipli,

271 984 338 1058 Ad
367 984 541 1060 tutiores
572 983 791 1058 conferunt
816 983 982 1082 repulsa

165 1091 349 1189 Agmina
377 1116 420 1165 se
440 1098 587 1165 turres:
617 1090 853 1165 vehementi
872 1090 931 1164 ita
949 1113 1092 1189 pressa
1110 1094 1232 1166 turba
1246 1093 1393 1165 bruma

270 1197 461 1273 Festinat
488 1198 611 1272 aedes
640 1195 800 1295 ingredi
830 1198 1024 1271 calentes

164 1305 282 1378 Nunc
310 1311 424 1380 artus
452 1304 616 1404 tepidos
645 1303 754 1378 dulci
783 1304 903 1378 decet
930 1302 1101 1402 irrigare
1127 1302 1297 1378 Baccho

270 1412 325 1485 Et
352 1411 469 1486 triste
499 1418 662 1510 tempus
690 1408 883 1508 mitigare
912 1415 1024 1509 potu.

165 1518 282 1592 Nunc
299 1518 467 1615 genium
486 1516 653 1617 placare
673 1541 785 1591 mero
806 1516 920 1591 iuvet
939 1522 1064 1614 atque
1083 1540 1223 1590 amore
1237 1516 1390 1591 blando

268 1624 418 1698 Lenire
447 1631 627 1698 maestos
655 1624 835 1722 pectoris
864 1624 1038 1697 labores.
1402 1674 1425 1712 20

163 1731 230 1805 Nil
260 1730 421 1805 differre
451 1730 563 1806 libet.
600 1731 711 1805 Mors
739 1729 906 1804 vellicat
933 1754 1091 1804 aurem:
1122 1727 1236 1802 abire
1264 1728 1392 1818 terris,

272 1836 375 1912 Cum
404 1837 541 1911 Parca
570 1845 730 1912 stamen
759 1844 930 1934 rumpet,
959 1836 1070 1909 haud
1097 1836 1301 1910 morabor.

164 1946 309 2018 Donec
337 1943 423 2018 fata
452 1943 590 2018 sinent
616 1968 691 2017 nos
720 1943 866 2032 vivere,
895 1950 1038 2017 sancto
1069 1949 1111 2015 et
1137 1941 1349 2017 innocenti

269 2049 427 2124 Arrlore
456 2057 616 2125 mentes
645 2051 806 2123 imbuat
833 2049 1034 2148 voluptas.

782 2755 822 2818 V.

404 2989 520 3067 NON
549 2989 831 3066 FIDENDUM
858 2989 1206 3068 PRINCIPIBUS.

378 3219 510 3308 Quem
538 3220 669 3293 laetat
695 3217 798 3292 varii
828 3218 964 3316 gratia
992 3220 1199 3319 principis
1310 3235 1359 3289 roi.
1380 3235 1409 3289 2*

377 3325 510 3414 Quem
539 3325 648 3401 fictis
679 3325 869 3399 dominus
898 3324 1006 3401 fallit
1033 3326 1242 3401 amoribus

429 3433 484 3506 Et
514 3456 607 3530 spes
638 3432 806 3507 credula
833 3433 948 3521 ludit,

481 3537 616 3613 Aulae
646 3539 742 3613 dum
770 3539 881 3613 nitor
909 3539 1096 3614 attrahit:

377 3699 469 3773 Heu
498 3723 621 3796 quam
651 3697 808 3772 difficili
836 3704 972 3773 tentat
998 3698 1078 3773 iter
1106 3698 1189 3772 via!

378 3803 512 3892 Quam
541 3804 642 3904 pinu
670 3803 806 3902 fragili
836 3805 1033 3879 sollicitat
1062 3810 1192 3879 mare!

430 3911 566 4012 Nigris
594 3911 762 3986 horrida
788 3911 923 3985 ventis

483 4018 635 4094 Cemet
663 4017 824 4118 saepius
853 4042 1042 4117 aequora.

377 4177 457 4251 Vix
486 4184 636 4276 pacata
663 4178 763 4251 ratis
790 4177 915 4252 litora
944 4177 1107 4269 deserit,

376 4284 443 4358 Ad
473 4310 619 4360 caecos
649 4284 842 4382 scopulos
872 4310 964 4358 cum
992 4284 1101 4383 rapit
1128 4283 1292 4359 Africus

429 4393 481 4466 Et
510 4391 795 4491 spumantibus
826 4392 944 4464 undis

483 4497 727 4587 Quassatam
759 4497 878 4572 simul
908 4498 1048 4574 obicit.
