3164 5154
698 239 903 294 SILVARUM

741 471 855 536 XXV.

310 638 366 715 IN
394 634 712 713 VENATIONE
740 633 946 712 MORTIS
973 632 1288 714 PERICULUM.

324 799 479 872 Laesus
509 820 564 886 es,
595 795 693 869 dum
719 795 832 870 laeta
859 794 991 870 trahit
1017 795 1211 895 voluptas
1272 811 1315 864 nl.
1330 812 1379 866 ns

323 902 563 1003 Principum
591 900 770 992 venetic,
799 902 912 976 lusus
941 902 1070 994 aulae,

325 1011 458 1110 Saepe
487 1009 559 1085 sed
586 1007 776 1098 mendax,
805 1008 919 1083 velut
944 1008 1065 1083 huius
1095 1009 1205 1085 orbis

432 1115 595 1192 Gaudia
622 1120 784 1191 cuncta.

324 1274 436 1349 Pace
464 1272 687 1372 tranquilla
715 1272 873 1372 species
900 1271 1086 1348 timenda

323 1380 511 1456 Pallidae
540 1379 684 1456 mortis
713 1379 790 1454 tibi
818 1403 862 1454 se
890 1378 1111 1455 videndam

325 1486 524 1562 Praebuit
550 1511 684 1587 nuper
710 1485 884 1562 feriente
912 1488 995 1562 telo

336 1596 343 1611 ’
430 1592 573 1670 Mollia
602 1594 796 1670 membra.

323 1753 520 1829 Imminet
549 1751 687 1829 densis
715 1751 885 1827 inimica
912 1751 1024 1827 silvis

324 1861 379 1936 Et
406 1859 528 1935 struit
553 1858 671 1936 vafra
697 1858 866 1934 insidias
895 1859 1070 1951 dolosas,
1187 1856 1190 1862 “

325 1968 507 2042 Arbores
537 1966 646 2041 inter
671 1991 966 2066 nemorumque
995 1965 1161 2042 frondes

432 2073 591 2150 Abdita
619 2072 762 2173 surgit.

325 2232 485 2309 Discite
513 2233 628 2309 hinc:
660 2237 959 2333 quemcumque
987 2231 1113 2332 pedes
1141 2231 1322 2311 ferentur

325 2340 375 2414 In
403 2340 553 2435 locum,
584 2347 774 2416 occurret
799 2339 877 2415 tibi
905 2337 1023 2415 triste
1050 2339 1203 2417 letum:

325 2446 531 2546 Eloquens
560 2446 723 2521 virtutis
753 2445 832 2521 erit
858 2444 1058 2546 magister

433 2553 570 2628 Lucus
600 2559 643 2628 et
669 2555 825 2629 umbra.

327 2713 382 2787 Et
410 2737 512 2812 cape
541 2738 592 2789 ex
619 2713 775 2815 tesquis
803 2714 1006 2790 monitum
1034 2714 1176 2790 fidele:

329 2818 433 2895 Post
459 2820 686 2922 voluptatis
716 2821 900 2921 sequitur
927 2821 1107 2897 calorem

329 2925 502 3026 Semper
529 2927 573 3002 in
598 2928 686 3004 vita
714 2927 854 3028 fragili
881 2928 1090 3029 periclum,

433 3034 561 3110 Casus
591 3036 772 3111 acerbus.

745 3387 877 3457 XXVI.

269 3547 541 3626 TEMPORIS
568 3548 888 3627 PRAETERITI
917 3548 1338 3629 CONSIDERATIO.

326 3706 530 3784 Undecim
558 3707 690 3784 maior
717 3732 810 3783 mea
836 3709 924 3785 vita
951 3709 1101 3799 lustris,
1284 3723 1335 3778 fol.
1352 3721 1414 3777 ns·

324 3813 525 3890 Attamen
552 3839 706 3914 paucos
735 3814 823 3890 sine
841 3816 961 3891 ⁴nube
989 3841 1152 3893 menses

324 3920 403 3996 Vel
432 3920 519 3997 dies
547 3921 679 3998 laetos
706 3947 923 4000 numerare
951 3946 1136 4023 possum:

434 4027 587 4104 Tristia
613 4029 796 4105 vincunt.

325 4189 419 4262 Non
446 4188 554 4263 redit
580 4195 755 4287 tempus,
785 4188 949 4288 fugiens
978 4197 1023 4264 at
1050 4196 1181 4282 aetas,

327 4294 436 4385 Quid
465 4295 529 4386 sit,
559 4294 604 4369 in
631 4303 813 4371 mentem
840 4303 1019 4386 revocat,
1050 4304 1290 4396 peractum:

326 4403 490 4476 Damna
517 4400 586 4475 vix
611 4412 765 4494 narrat,
796 4403 919 4479 celeri
946 4403 1087 4478 volatu

435 4509 633 4584 Concutit
661 4510 757 4584 alas.
