3164 5154
683 224 899 281 CARMINUM

309 424 479 502 Alcides
506 425 706 525 premitur
734 423 896 500 casibus
924 424 1091 524 asperis,

308 533 413 607 Iuno
443 530 594 607 infesta
621 531 744 607 nimis
773 532 904 606 instat
930 536 973 606 et
1000 531 1164 632 ingerit

310 638 473 714 Audaci
502 637 640 713 iuveni
669 640 770 713 dura
797 638 993 737 pericula:

415 746 480 819 En
509 771 594 821 sors
622 751 748 821 vexat
774 752 822 820 ut
848 745 1054 844 improba!

308 938 526 1015 Ascensus
556 939 714 1040 cupidis
743 947 929 1016 attamen
957 941 1122 1040 ignibus

311 1044 547 1145 Conspecta
576 1046 714 1146 specie
742 1046 913 1147 virginis
942 1053 1116 1124 aestuat.

309 1152 402 1228 Hoc
432 1159 601 1229 auctore
628 1153 744 1231 iuvat
771 1179 897 1230 caeca
924 1153 1121 1231 licentia?

417 1259 573 1336 Verum
601 1262 752 1336 damna
780 1286 879 1336 cave
908 1260 1065 1338 ultima.

748 1970 826 2034 VII.

460 2219 533 2294 AD
564 2219 817 2295 SPIRITUM
847 2217 1120 2298 SANCTUM.

150 2448 326 2548 Spiritus
355 2448 475 2539 alme,
505 2452 576 2522 tuo
607 2456 789 2524 mentem
817 2447 1017 2548 perfunde
1045 2449 1181 2525 nitore
1315 2463 1402 2519 fota

254 2557 310 2629 Et
337 2552 479 2628 divino
510 2554 665 2629 lumine
693 2556 834 2630 lustra.

150 2661 244 2738 Sint
271 2661 416 2761 procul
445 2686 470 2736 a
497 2660 618 2736 nobis
647 2669 834 2736 terrenae
863 2661 988 2736 faecis
1017 2687 1178 2738 amores

253 2766 318 2842 Ac
346 2792 501 2842 vesana
529 2767 723 2842 incendia
751 2768 904 2845 mundi.

150 2874 331 2950 Lucidus
360 2874 554 2950 aetheriis
584 2874 812 2949 descendat
839 2874 1003 2949 sedibus
1032 2875 1151 2973 ignis,

254 2979 462 3057 Ardescat
492 2980 563 3080 qui
593 3006 763 3080 corpore
791 2990 945 3056 nostro.

148 3087 270 3162 Hunc
298 3088 413 3162 nulla
441 3088 659 3186 extinguat
684 3086 874 3163 fortunae
903 3087 1060 3163 tristior
1087 3112 1194 3179 aura

253 3194 343 3269 Etsi
372 3218 498 3269 saeva
526 3194 710 3294 pericula
739 3201 919 3293 surgant.

153 3300 272 3376 Orbis
301 3300 435 3376 fracta
462 3300 562 3376 licet
589 3300 753 3377 labatur
774 3302 979 3393 machina,
1011 3301 1126 3377 caelo

255 3407 395 3483 Tellus
425 3406 702 3484 confundatur
730 3415 771 3483 et
799 3409 928 3482 unda:

147 3512 242 3588 Non
269 3520 411 3589 tamen
440 3539 462 3588 e
492 3514 640 3614 cupido
671 3515 856 3590 discedet
883 3521 1049 3615 pectore
1077 3514 1255 3608 flamma,

256 3619 401 3697 Gratia
431 3646 552 3720 quam
583 3621 760 3696 fecunda
788 3622 1007 3696 ministrat.

148 3726 207 3802 Te
235 3734 352 3803 vates
379 3752 581 3826 regesque
610 3735 772 3817 canant,
804 3736 849 3802 tu
879 3729 1061 3804 carmine
1092 3752 1207 3803 sacro

254 3832 436 3909 Aeterno
468 3835 685 3910 celebreris
713 3836 882 3911 honore.

149 3939 212 4013 Tu
240 3941 352 4039 prius
381 3940 570 4018 informis
599 3942 738 4017 fovisti
767 3943 927 4017 semina
954 3942 1074 4017 molis

253 4048 308 4123 Et
336 4048 500 4123 crevisti
531 4073 703 4148 corpora
730 4049 871 4125 mixta.

149 4151 265 4243 Quae
293 4154 410 4248 levia,
439 4155 680 4247 ascendunt,
700 4157 894 4255 gravibus
923 4157 1045 4232 datur
1071 4156 1215 4231 infima
1238 4154 1379 4230 sedes:

254 4261 464 4361 Perpetuo
494 4267 611 4337 motu
640 4269 750 4338 astra
777 4269 976 4338 rotantur.

142 4366 210 4442 Tu
236 4367 366 4443 vitam
394 4372 516 4445 rebus
544 4368 701 4461 tribuis,
731 4377 777 4444 tu
806 4378 957 4446 cuncta
986 4395 1130 4447 serena

252 4473 460 4552 Accendis
488 4473 590 4568 face,
620 4475 762 4551 nubila
789 4477 920 4575 pellis.

16 4662 118 4848 k
