3164 5154
168 248 231 309 246
706 239 912 297 SILVARUM

166 440 344 517 Virtutis
374 447 437 515 est
465 466 537 516 cos
566 438 799 516 calamitas:
827 438 950 532 acuit,
978 439 1087 541 polit

272 549 327 624 Et
352 547 489 623 reddit
515 547 718 623 illustrem
745 546 889 646 magis.

165 654 224 732 Ut
253 680 298 731 se
327 679 451 733 onere
478 679 622 753 pressa
649 653 798 730 celsius
825 654 967 754 palma
993 652 1129 755 erigit,

274 761 508 838 Concussus
536 761 596 837 ita
623 761 774 837 mentis
802 761 932 860 vigor.

168 869 314 946 Secors
342 868 516 958 videtur,
546 867 728 967 quisquis
758 873 952 968 expertus
979 865 1096 961 nihil,

273 975 398 1050 Domi
427 975 583 1051 otiosus
612 974 787 1067 desidet,

168 1083 425 1181 Consumpta
454 1083 610 1157 clarum
628 1106 765 1180 poena
784 1080 857 1155 scd
875 1085 1081 1156 monstrat
1093 1079 1242 1173 virum,

274 1189 435 1264 Labore
464 1188 534 1288 qui
563 1186 699 1287 frangi
727 1187 884 1286 nequit.

168 1295 383 1395 Supplicia
414 1320 525 1371 nunc
559 1301 656 1370 sunt
688 1300 834 1370 sancta
867 1318 941 1394 per
971 1293 1145 1370 Domini
1173 1318 1360 1389 erucem;

273 1401 463 1478 Perenne
492 1402 624 1500 surgit
650 1401 748 1476 hinc
778 1402 915 1476 decus:

168 1507 328 1607 Ignava
355 1511 497 1609 pubes,
528 1533 633 1607 quae
662 1533 833 1607 gemens
862 1505 1047 1606 sequitur
1074 1506 1239 1599 ducem,

274 1616 475 1715 Excipere
504 1615 653 1691 metuit
679 1615 860 1689 vulnera.

168 1722 261 1797 Non
290 1723 361 1814 sic,
392 1721 605 1814 Cleander,
631 1721 812 1821 pectoris
840 1723 966 1795 robur
993 1720 1072 1796 tui:

274 1829 381 1904 Nam
413 1833 564 1905 cuncta
591 1827 747 1929 perfers
776 1834 953 1905 strenue.

768 2482 865 2547 VIII.

375 2697 701 2801 MORTALIUM
728 2696 1006 2777 PERVERSA
1035 2695 1249 2776 STUDIA.

278 2909 522 2988 Scribuntur
547 2912 739 3010 ingentes
766 2911 872 3003 libri,
902 2917 1020 2987 vates
1048 2911 1156 2988 sacri
1288 2925 1340 2980 fol.
1358 2925 1421 2980 109¹·

383 3019 525 3096 Vitam
554 3020 607 3094 ad
635 3022 801 3095 beatam
830 3026 1072 3120 provocant,

276 3125 429 3201 Divina
456 3127 524 3202 lex
551 3127 742 3201 hortatur
769 3130 812 3201 et
839 3132 979 3225 patres
1005 3132 1190 3213 monent,

382 3233 519 3308 Moses
548 3258 688 3308 severe
716 3233 930 3333 praecipit,

276 3339 445 3414 Poenae
473 3345 669 3415 coercent
697 3340 863 3429 crimen,
893 3339 1090 3439 ambigua
1116 3340 1185 3415 via

382 3446 451 3521 Ius
480 3446 668 3546 gentium
696 3446 754 3521 ire
783 3471 858 3521 nos
886 3453 1021 3541 vetat,

274 3552 432 3628 Natura
460 3553 656 3645 stimulat,
686 3560 892 3629 monstrat
919 3554 1168 3630 immensum
1195 3555 1324 3646 iubar,

384 3657 475 3748 Quo
503 3685 650 3737 norma
677 3660 762 3735 veri
792 3661 954 3760 dirigit;
1410 3711 1420 3750 s

276 3761 461 3842 Aeterna
488 3792 563 3842 nos
591 3767 769 3842 felicitas
797 3767 960 3867 placide
989 3768 1082 3859 ciet,

382 3873 539 3948 Invitat
566 3873 876 3950 immortalitas:

276 3976 466 4054 Adversa
492 3981 637 4055 mundi
664 3981 811 4057 noxias
839 3982 1020 4082 produnt
1047 3980 1173 4075 faceS,

384 4084 484 4175 Quis
514 4111 638 4188 saepe
667 4089 1022 4187 conflagravimus.
1402 4133 1421 4173 η

277 4189 490 4291 Supplicia
517 4202 676 4271 terrent
704 4196 869 4271 sceleris
898 4196 1083 4272 eiusdem
1111 4220 1216 4288 reos,

382 4302 583 4402 Exempla
609 4328 744 4378 mores
772 4302 1000 4396 instruunt;

274 4406 421 4484 Melior
448 4407 612 4484 videtur
640 4410 749 4484 orbis
777 4411 889 4485 haud
916 4435 1108 4510 umquam
1135 4417 1297 4487 tamen:

381 4513 570 4614 Antiqua
598 4518 764 4593 aberrat
792 4516 950 4594 semita.
1403 4561 1425 4602 a
