3164 5154
697 251 901 308 SILVARUM

371 452 452 526 Cur
479 475 627 550 greges
656 452 793 550 plures
821 451 963 526 vacuis
990 454 1183 526 oberrent

367 558 587 649 Montibus,
614 559 774 633 findant
802 558 867 632 vel
895 558 1033 656 opima
1060 560 1171 632 tauri

369 666 480 739 Rura
509 664 699 751 sescenti,
728 665 892 739 niteant
918 666 1092 740 vetustis

475 772 595 845 Atria
624 772 740 862 ceris,

371 929 414 1004 Si
444 932 587 1005 domus
615 931 717 1005 nulli
747 932 867 1006 datur
896 930 1114 1008 incolenda

371 1037 541 1135 Semper
569 1038 612 1111 in
641 1038 773 1129 terris,
803 1037 982 1136 fugimus
1013 1039 1169 1113 eitante

369 1145 537 1219 Arbitro
566 1170 724 1219 summo
753 1170 830 1219 nee
860 1169 959 1243 opes
985 1144 1171 1221 timenda

477 1252 583 1325 Feta
610 1255 848 1327 morantur?

370 1410 547 1484 Aulbrat
574 1411 702 1486 virtus
729 1413 901 1485 nebulas
931 1420 973 1486 et
1000 1414 1166 1486 umbras

372 1516 571 1591 Cordibus
599 1518 760 1602 nostris,
791 1518 950 1593 animos
980 1524 1160 1593 serenet:

371 1624 575 1698 Innocens
605 1650 720 1698 mens
750 1631 814 1699 est
843 1625 987 1700 melior
1016 1625 1204 1700 cadentis

476 1729 620 1805 Portio
651 1732 771 1806 vitae.

759 2314 835 2378 Vll.

185 2530 477 2608 VOLUNTAS
507 2530 726 2606 NOSTRA
756 2530 981 2606 DIVINAE
1009 2530 1393 2608 SUBMITTENDA.

371 2742 555 2833 Fallitur,
587 2766 886 2842 quemcumque
915 2742 1043 2817 trahit
1069 2741 1197 2816 libido
1270 2756 1319 2810 fol.
1336 2756 1393 2810 us

372 2847 518 2923 Cordis
547 2857 590 2924 et
616 2873 809 2947 perversa
836 2849 946 2947 repit
974 2849 1176 2938 voluntas,

374 2956 429 3032 Ut
457 2957 569 3052 sequi
601 2964 764 3029 tantum
793 2956 933 3045 libeat,
964 2955 1075 3054 quod
1104 2962 1224 3054 optat

476 3060 670 3160 Proprius
698 3062 828 3135 ardor.

371 3222 559 3294 Flamma-
585 3221 627 3292 ni
658 3221 762 3296 caeli
789 3221 934 3310 radiet,
965 3221 1115 3295 salubri

373 3327 522 3402 Mentis
553 3328 734 3426 expellat
762 3329 954 3402 tenebras
981 3326 1115 3402 nitore

370 3434 543 3508 Labitur
570 3458 779 3532 praesepe,
809 3458 883 3532 per
909 3435 1033 3509 inane
1061 3433 1170 3509 tristi

477 3540 667 3613 Volvitur
695 3547 821 3614 aestu.

372 3698 486 3772 Aura
516 3699 644 3771 divini
673 3700 809 3797 potius
839 3701 1017 3774 calorem

372 3806 547 3903 Spiritus
576 3812 761 3880 nostrum
790 3806 940 3895 foveat,
970 3807 1184 3903 gubernet,

372 3913 593 4010 Temperet
621 3938 738 3987 cures
768 3912 895 3986 animi
924 3912 1113 4001 dolentis,

478 4018 642 4115 Dirigut
671 4026 799 4093 uetus.

372 4176 470 4250 Vita
499 4202 621 4274 quarn
652 4178 794 4269 duleis
824 4177 952 4277 patris
982 4178 1181 4252 aeviterni

372 4283 502 4372 Quam
531 4291 648 4358 tenet
675 4285 814 4374 virtue,
844 4284 989 4374 tenuit,
1016 4285 1205 4360 tenebit?

372 4389 540 4464 Arbitro
569 4398 686 4465 tante
715 4399 932 4489 penetrare
959 4391 1095 4465 nescit

476 4497 511 4570 N
515 4497 631 4570 oxius
661 4522 779 4571 error.
