3164 5154
644 1108 671 1175 I.

330 1322 541 1399 BELLUM
572 1320 796 1400 CONTRA
824 1323 982 1400 VITIA.

180 1534 291 1608 Pace
319 1534 430 1610 laeta
456 1534 576 1610 floret
603 1535 762 1626 humus,
794 1535 1013 1636 quieseunt
1124 1551 1174 1607 fol.
1195 1554 1264 1610 nar·

180 1642 328 1718 Castra
353 1639 471 1716 ferali
500 1641 637 1716 sonitu
664 1645 855 1717 tubarum

183 1749 236 1822 Et
264 1748 388 1823 silent
414 1749 547 1839 urbes,
577 1748 737 1849 trepido
767 1750 947 1824 tumultu

286 1855 436 1930 Libera
462 1880 568 1931 rura.

180 2015 297 2090 Haeo
325 2014 490 2113 quidem
520 2022 615 2090 sunt
643 2022 756 2091 oerta
781 2015 888 2108 foris,
917 2017 991 2092 sed
1016 2017 1127 2093 intus

180 2122 329 2220 Pugna
355 2122 568 2221 perdurat:
598 2122 744 2197 vitium
772 2123 951 2216 lacessit,

178 2230 362 2327 Torquet
389 2227 583 2321 adfectus,
611 2236 753 2306 monet
780 2255 895 2305 arma
923 2232 1064 2306 orebra

285 2335 363 2428 Ira,
393 2335 553 2434 cupide.

178 2495 287 2570 Hino
316 2496 436 2570 deoet
463 2494 568 2571 ferro
597 2495 768 2571 rationis
796 2496 877 2571 uti:

177 2601 358 2676 Fortiter
384 2601 537 2702 primos
567 2602 760 2678 cohibere
787 2609 923 2679 motus

178 2710 231 2784 Et
257 2733 384 2808 vagas
412 2709 600 2784 flammas
628 2710 772 2809 procul
800 2733 991 2786 amovere

283 2816 457 2891 Pectore
486 2823 611 2892 oast0.

177 2976 300 3050 Nulla
326 2999 408 3075 pax
436 3001 633 3075 umquam
661 2976 818 3051 tumido
848 2975 996 3051 furori:

178 3082 401 3158 Permanet
428 3083 581 3157 bellum
609 3083 697 3158 sine
724 3083 806 3159 fine
834 3089 1031 3176 nostrum,

178 3191 325 3265 Donec
355 3190 585 3265 haerebunt
612 3187 777 3289 fragiles
805 3191 971 3266 molesti

285 3295 480 3396 Corporis
509 3304 631 3371 artus.

176 3454 349 3530 Auferet
376 3457 571 3555 palmam,
602 3458 726 3531 decus
756 3463 798 3531 et
824 3457 1090 3557 triumphum,

177 3562 278 3638 Tela
308 3562 375 3660 qui
404 3588 629 3662 numquam
657 3564 843 3662 posuisse
871 3565 1035 3661 gaudet,

175 3669 316 3744 Mente
344 3670 414 3770 qui
440 3670 559 3744 firma
587 3695 778 3770 superare
805 3671 922 3745 novit

281 3775 462 3875 Impiger
488 3777 637 3853 hostes.

180 3933 320 4009 Otium
350 3936 421 4011 sed
450 3935 518 4034 qui
548 3936 742 4037 sequitur,
772 3937 954 4011 laborem

176 4041 296 4117 Vitat
322 4041 569 4141 imprudens,
601 4043 737 4117 animo
766 4043 893 4119 ferooi

178 4146 338 4223 Cuncta
365 4149 579 4248 permittit,
610 4151 811 4225 scelerum
840 4158 1008 4227 oruento

284 4254 486 4332 Concidet
513 4257 608 4332 iotu.
