3164 5154
490 218 564 275 LIB.
583 218 621 276 11.
642 219 758 276 17—18.

121 418 273 495 Vincla
300 417 414 493 nulla
440 417 646 493 nectimus

226 524 341 599 Molli
370 524 562 599 iuventae
591 525 781 626 pendulis
813 525 985 624 capillis.

122 632 239 708 Colla
266 657 343 706 nec
372 631 594 706 monilibus

230 737 542 814 Circumdamus
570 762 648 813 nec
678 762 954 838 aggravamus
983 763 1101 814 aures
1267 793 1281 832 ⁸

119 845 231 920 Mole
261 845 434 944 glaebae
463 844 631 920 inutilis.

229 950 507 1051 Compagibus
534 977 612 1027 nec
641 952 763 1027 turris
791 952 923 1027 instar
950 952 1080 1027 altum

120 1057 313 1133 Pluribus
343 1064 469 1158 caput
496 1058 613 1133 iuvat

229 1166 486 1265 Componere
515 1173 589 1241 aut
614 1164 729 1240 vafro
759 1165 941 1240 eminere
970 1164 1077 1241 succ.

120 1271 286 1346 Florido
314 1272 427 1347 velut
454 1272 584 1347 micat

228 1378 454 1478 Splendore
483 1379 613 1454 dulcis
641 1378 785 1454 hortus
815 1385 938 1479 atque
968 1379 1093 1454 odore

121 1485 250 1561 Ducit
278 1487 332 1560 ad
359 1511 403 1561 se
432 1485 612 1577 amabili,

231 1593 487 1693 Quicumque
515 1592 665 1667 transit
692 1599 817 1691 atque
847 1592 1144 1668 amoenitatem

122 1700 311 1774 Intuetm·
339 1700 519 1775 obviam:

230 1804 298 1881 Sic.
327 1805 460 1881 forma
487 1807 641 1882 blanda
668 1806 854 1906 virginis:
885 1807 973 1882 sine
1002 1813 1091 1882 arte

125 1913 216 1988 Oris
245 1912 375 1988 enitet
403 1914 528 1989 decus

229 2020 281 2094 Et
309 2027 454 2119 pectus
484 2020 631 2095 ardens
660 2019 818 2119 pellicit
846 2028 1053 2096 venustas

123 2126 236 2200 Dina
262 2151 347 2201 non
376 2126 490 2226 capit
517 2126 648 2201 virum

231 2233 461 2333 lnoompta‚
490 2233 652 2308 tristem
681 2233 839 2333 patriae
867 2232 1055 2307 ruinam?

125 2339 219 2413 Non
246 2340 440 2416 Lacaena
467 2339 626 2438 regium

231 2446 459 2538 Pastorem,
491 2454 536 2521 at
563 2447 680 2544 ignes
708 2445 785 2520 Ilio
814 2443 1043 2521 ferentem?

127 2551 233 2642 Quid
261 2551 373 2628 faces
402 2578 479 2652 ego
507 2554 583 2628 has
611 2578 760 2644 moror,

230 2660 394 2735 Devota
422 2686 583 2759 semper
610 2659 770 2734 numini
799 2662 1019 2759 supremo?

125 2766 199 2840 Vis
227 2766 428 2842 trahentis
458 2767 596 2842 omnia

232 2874 300 2947 Ad
329 2900 371 2949 se
399 2874 614 2972 pecinnae,
644 2873 754 2949 nitor
780 2873 847 2947 vel
876 2871 964 2947 auri

125 2979 346 3055 Dimorcre
374 3006 457 3055 non
487 2987 640 3080 queant

234 3087 381 3176 Quiete
410 3094 593 3163 mentem
621 3096 694 3162 aut
722 3086 807 3163 otio
838 3111 993 3164 severo,

127 3193 225 3269 Vita
252 3201 394 3270 nostra
422 3195 519 3268 dnm
547 3195 650 3269 fluat

232 3299 384 3375 Amica
413 3303 528 3377 caelo
558 3309 666 3376 sorte
696 3326 768 3375 seu
797 3299 979 3397 benigna

127 3406 210 3482 Seu
238 3408 432 3505 maligna,
463 3416 508 3484 ut
538 3409 672 3483 cluam

235 3514 464 3589 Commissa
492 3515 645 3589 dudum
675 3514 850 3588 liberata
878 3513 1036 3587 naevis:

127 3620 297 3695 Sunnna
325 3621 460 3721 gratia
487 3622 666 3709 advenit,

235 3726 368 3816 Quam
395 3728 610 3828 purpurati
638 3728 830 3803 nesciunt
858 3727 1035 3824 tyranni.

128 3833 219 3909 Oris
249 3835 487 3912 innocentia

233 3941 296 4018 Ac
325 3942 505 4042 pectoris
535 3942 650 4017 suari
679 3949 725 4017 ut
754 3941 893 4017 colore
920 3939 1074 4040 fulget!

127 4048 215 4122 Has
243 4058 384 4125 tenere
414 4075 513 4150 opes
541 4049 654 4139 libet,

234 4158 325 4232 Hac
347 4158 442 4232 dote
473 4157 619 4231 ducam
641 4155 902 4255 splendidum
928 4153 1193 4252 triumphum.

128 4262 306 4338 Somnus
335 4272 457 4363 atque
487 4263 635 4347 inania,

234 4373 347 4461 Quae
378 4374 498 4445 turba
527 4368 667 4468 magni
696 4368 811 4443 (lucit
841 4376 965 4466 atque
995 4367 1152 4442 adorat.

578 4638 737 4647 ———
