3164 5154
689 236 890 292 SILVARUM

770 538 815 601 Il.

437 770 749 847 CLEMENTIA
778 770 935 846 NIMIA
964 768 1165 846 NOCET.

316 982 502 1056 Publicis
532 983 652 1056 rebus
681 981 825 1056 sceleri
853 982 1020 1055 nocenti
1271 997 1316 1051 fol
1330 999 1390 1052 176·-

317 1089 409 1164 Non
439 1088 555 1162 (labit
582 1088 774 1186 princeps
803 1087 982 1162 veniam:
1015 1089 1205 1163 domabit

318 1194 472 1295 Impios
501 1189 620 1283 ferre,
651 1195 790 1293 gladio
819 1194 976 1269 recidet

424 1302 598 1376 Putrida
626 1304 828 1387 me1nbra;

320 1495 468 1571 Senior
494 1521 548 1570 ne
575 1520 670 1595 pars
699 1494 822 1569 simili
851 1496 985 1570 tirrore

319 1600 508 1695 Aestuet,
538 1603 663 1677 iudex
690 1600 846 1699 rigidus
876 1603 1048 1677 cavebit.

319 1709 421 1785 [nde
450 1709 683 1784 succinctus
711 1709 830 1784 lateri
856 1709 1025 1784 sinistro

427 1817 619 1892 Cernitur
647 1816 764 1890 ensis,

320 2013 445 2086 Nulla
476 2036 576 2111 quos
606 2011 746 2104 virtus,
775 2011 960 2110 probitas
990 2019 1166 2104 coercet,

320 2119 464 2194 Poena
491 2118 685 2210 refrenet;
716 2124 905 2193 metuant
930 2120 1123 2194 rebelles:

322 2224 389 2300 Ad
416 2250 570 2300 novum
599 2225 753 2298 crimen
782 2225 909 2299 veteri
940 2225 1112 2301 remisso

428 2331 594 2406 Pellieit
622 2356 743 2406 error.

322 2526 500 2600 Differet
526 2550 751 2624 numquam
779 2525 940 2601 facinus
969 2527 1182 2618 scelestum

323 2634 429 2707 Nam
457 2631 574 2707 nefas
602 2631 694 2705 imis
723 2631 851 2707 animi
880 2632 1070 2707 medullis

322 2740 481 2813 Haeret
509 2739 707 2813 adfixum:
734 2739 815 2813 nisi
844 2741 970 2815 caede
998 2740 1130 2824 tollas,

430 2846 633 2943 Tempore
661 2847 820 2920 erese-it.

325 3039 505 3138 Corrigit
531 3065 622 3114 raro
651 3040 797 3114 vitium
827 3041 989 3141 cupide,

325 3146 515 3224 Conterit
541 3147 656 3245 leges
684 3149 857 3246 pedibus
886 3147 1015 3222 libido

324 3253 426 3329 Dira
454 3253 668 3352 peccandi,
698 3255 874 3329 tolerare
903 3254 1025 3329 mites

432 3360 576 3434 Nescit
602 3361 798 3436 habenas.

327 3554 384 3631 Ut
410 3555 475 3629 leo
506 3560 670 3629 taurum
698 3556 780 3628 ruit
808 3555 851 3628 in
879 3553 1057 3630 ferocem

325 3659 460 3736 Fortis
490 3666 532 3735 et
558 3659 723 3758 frangit,
753 3662 921 3750 lacerat,
951 3659 1148 3735 trucidat:

327 3767 395 3844 Sie
424 3792 591 3860 nocens,
622 3793 713 3841 cum
742 3792 825 3841 non
854 3767 1259 3866 prohibeturar·d01·‚

434 3873 585 3965 Saevit,
615 3873 758 3949 adurit.
1395 3917 1416 3956 u

737 4246 886 4253 ———-
