3164 5154
487 219 562 275 LIB.
579 221 634 280 ΠΙ,
652 223 751 280 9-11.

150 417 369 495 Defessum
397 420 579 522 excipiat
604 422 760 498 rustica
788 449 857 500 me
886 451 986 503 casa

150 525 315 602 Vesano
343 526 488 627 populi
514 528 694 606 turbine:
725 528 787 605 sic
816 528 931 609 ferae

152 631 345 708 Gaudent
372 633 416 709 in
443 634 585 710 vaouis
614 660 784 713 currere
810 639 1020 718 montibus

255 739 416 816 Nullius
444 742 620 841 pavidae
650 744 759 819 doli‘

149 898 281 974 Dixit:
309 900 383 975 sed
411 901 535 978 celeri
563 904 741 1004 sepedo
771 905 950 981 eontulit

150 1005 278 1081 Aroes
307 1006 360 1082 ad
388 1007 555 1102 validas,
586 1010 703 1109 regia
731 1011 923 1087 culmina.

151 1110 285 1201 Quam
312 1114 435 1213 pauci
464 1113 600 1191 officio
630 1141 674 1191 se
703 1117 826 1193 solito
855 1117 1064 1214 abdicant,

257 1219 366 1310 Quid
393 1221 531 1320 prosit,
559 1222 729 1300 videant
755 1223 871 1300 lieet!

606 1749 672 1817 XI.

77 1945 152 2021 AD
181 1943 503 2023 NEARCHUM:
533 1944 824 2023 TIMENDAM
851 1947 982 2026 ESSE
1009 1949 1197 2029 RERUM

405 2067 861 2148 VlClSSlTUDINEM.

154 2246 291 2324 Uteris
318 2254 444 2322 vento
474 2247 665 2346 quotiens
695 2248 888 2339 secundo,
1126 2266 1176 2322 fol.
1197 2269 1253 2323 32¹·

152 2353 345 2453 'Purgidis
372 2353 475 2428 velis
505 2361 619 2430 secat
647 2354 764 2430 alnus
793 2379 949 2454 aequor

151 2460 264 2535 Lene
294 2459 528 2560 crispatum‚
557 2461 721 2553 totiens,
750 2462 951 2552 Nearcho,

257 2566 386 2641 Disce
413 2567 572 2642 timere.

151 2725 402 2825 Prosperum
431 2750 594 2800 cursum
621 2723 785 2800 variant
811 2726 1035 2826 procellae:

151 2831 329 2907 Tollitur
355 2838 469 2907 moto
498 2832 647 2932 pelago
677 2831 914 2931 frequenter

151 2936 240 3013 Aut
268 2937 383 3014 cadit
410 2938 562 3038 puppis
591 2937 737 3037 Stygio
766 2938 999 3039 propinqua

256 3044 390 3119 Litori
419 3050 462 3120 et
490 3044 623 3120 astris.

150 3203 282 3279 Laeta
308 3202 494 3279 Fortuna
522 3204 717 3305 ambiguo
745 3205 926 3281 tumultu

151 3308 232 3384 Ore
259 3335 371 3384 nuno
399 3309 509 3386 ridet
535 3311 700 3410 placide
729 3311 914 3401 micanti,

150 3415 287 3514 Terga
313 3441 423 3492 nuno
451 3418 576 3493 vertit
602 3417 765 3516 fugiens
794 3418 933 3495 citatis

256 3520 366 3598 Aere
392 3523 553 3623 pennis.

149 3680 286 3757 Testis
315 3687 379 3757 est
404 3683 575 3776 Hector,
605 3683 763 3758 Priami
790 3691 1000 3761 vetustum

148 3788 201 3864 Et
228 3788 352 3864 simul
377 3813 563 3887 regnum,
593 3790 755 3865 decimo
786 3791 896 3890 quod
924 3815 1032 3866 anno

150 3893 346 3970 Cladibus
375 3892 572 3990 fiaotum;
602 3896 715 3996 prius
744 3904 810 3973 ast
836 3904 1073 3998 peremptus

253 4001 390 4078 Fortis
418 4000 615 4078 Achilles.

149 4156 347 4235 Gentium
376 4160 539 4253 victriir,
570 4162 746 4238 celebris
774 4162 994 4263 triumphis

147 4265 281 4341 Roma
308 4291 394 4342 non
421 4270 497 4343 sub
528 4269 744 4345 ruderibus
772 4270 934 4368 sepulta

146 4370 373 4449 Pristinum
403 4374 566 4475 quaerit
591 4377 718 4451 decus
747 4382 789 4452 et
816 4379 1017 4476 superbae

253 4480 448 4557 Pondera
475 4481 619 4557 molis?
