3164 5154
463 246 536 304 LIB.
554 246 609 302 111.
628 249 746 304 20-22.

176 445 235 520 At
264 445 424 521 curioso
452 445 606 521 lumine
634 447 799 523 moenia

176 554 288 626 Dum
318 553 459 645 lustro,
488 560 604 629 vates
632 553 797 630 invenio
826 578 974 647 sacros,

231 659 311 749 Qui
340 685 407 735 me
436 661 652 752 docebant,
683 687 763 760 quo
793 662 956 754 morari,

284 766 374 856 Quo
403 767 582 843 residere
609 769 701 844 loco
731 769 884 845 soleret

177 926 367 1002 Dilectus
395 928 529 1002 heros.
585 926 785 1004 Accelero
815 928 1001 1027 gradum,

179 1033 272 1123 Quo
301 1033 421 1109 iussit
449 1036 594 1110 ardor:
626 1034 837 1135 conspicio
867 1059 1016 1126 meum,

233 1141 266 1216 O
297 1139 402 1216 fata!
431 1165 596 1216 numen.
654 1141 795 1235 Curro,
826 1143 952 1218 adoro

284 1248 338 1322 Et
365 1248 554 1323 manibus
582 1249 760 1324 retinere
788 1250 910 1325 nitor.
1205 1303 1232 1344 n

182 1408 239 1483 At
267 1406 376 1506 fugit
403 1408 479 1483 alis
507 1407 690 1483 fulminis
719 1408 842 1499 ocius,

180 1515 297 1589 Haec
325 1515 438 1591 dicta
465 1522 684 1615 postquam
711 1515 832 1614 liquit
859 1540 1021 1591 amans:
1051 1517 1159 1611 ,Meo

234 1622 278 1698 Si
307 1646 468 1721 semper
495 1623 656 1697 ardebis
686 1623 831 1715 calore,

289 1728 456 1805 Sidereo
484 1730 642 1829 potiere
670 1730 859 1830 Sponso.‘
1207 1784 1233 1824 „

548 2239 666 2307 XXII.

317 2434 466 2512 MORS
495 2434 612 2511 NON
639 2434 899 2512 TIMENDA.

187 2629 290 2704 Cum
319 2631 432 2705 volet
459 2630 569 2705 vitae
596 2627 754 2728 fragilis
783 2654 925 2704 severa
1099 2643 1149 2699 fol.
1168 2648 1224 2702 95¹·

186 2738 367 2835 Atropos
396 2736 565 2813 tandem
591 2761 777 2813 resecare
804 2737 886 2829 fila,

185 2844 360 2920 Abstine
388 2843 498 2918 tristi
526 2844 696 2942 gemitu,
726 2843 909 2944 profanis

291 2952 421 3026 Parce
451 2951 637 3050 querelis.
1223 3007 1237 3045 4

184 3111 298 3209 Lege
328 3110 497 3186 caelesti
525 3112 652 3186 semel
680 3117 744 3186 est
772 3117 970 3187 statutum

187 3218 398 3308 Omnibus,
428 3218 674 3317 quicumque
701 3217 814 3293 fuere
841 3219 929 3293 nati

187 3324 306 3416 Orbe,
337 3325 514 3417 denasci,
544 3326 702 3400 tumulo
731 3325 912 3416 recondi,

291 3433 356 3506 lre
385 3435 459 3506 sub
489 3435 665 3507 umbras.

190 3590 355 3667 Occidit
381 3592 516 3665 Minos
546 3593 710 3689 genitus
739 3593 941 3680 Tonante,

190 3698 332 3773 Clarus
360 3698 564 3773 Anchises
593 3699 765 3774 Veneris
795 3700 930 3789 cubili,

188 3806 352 3904 Nuptiis
381 3806 529 3880 Peleus
558 3807 758 3881 Thetidos
786 3804 902 3881 ferox
931 3812 973 3881 et

294 3913 430 3987 Fortis
458 3913 655 3988 Achilles.

188 4073 337 4149 Interit
362 4098 587 4171 numquam
616 4096 816 4171 generosa
844 4073 997 4147 virtus:

189 4179 349 4254 Nomen
377 4180 618 4272 immortale,
647 4182 771 4254 decus
799 4205 998 4280 perenne,

188 4287 343 4386 Magna
372 4287 440 4387 qui
468 4287 609 4386 gessit,
638 4287 811 4362 memori
838 4286 1069 4386 triumphat

297 4394 501 4493 Tempore
529 4394 671 4470 victor.

537 4644 695 4653 1——
