3164 5154
701 238 905 294 SILVABUM

759 540 856 606 XIII.

523 757 844 836 GENEROSUS
871 759 1091 837 ANIMUS.

384 969 521 1044 Fortis
549 977 593 1045 et
620 976 816 1045 constans
845 970 1030 1062 tolerare,
1059 971 1260 1071 quidquid
1283 985 1326 1040 fol.
1343 987 1385 1041 nr

384 1076 551 1151 Accidit
579 1077 679 1169 duri,
710 1077 907 1178 Cleopha,
936 1085 1159 1169 momente,

384 1183 509 1280 Pigra
535 1208 613 1259 nec
644 1184 798 1260 ducant
824 1184 1014 1260 timidum
1043 1185 1209 1285 quietae

489 1289 587 1365 Otia
614 1291 734 1365 vitae.

382 1449 576 1525 Nascitur
601 1449 753 1525 virtute
781 1450 919 1543 decus,
948 1451 1088 1527 labore

384 1555 518 1631 Sumit
544 1563 823 1654 augmentum,
854 1558 998 1634 studiis
1027 1558 1178 1634 severis

383 1663 585 1753 Pascitur,
616 1663 778 1738 sublimi
807 1665 933 1740 animi
961 1665 1106 1766 vigore

490 1768 632 1845 Gloria
659 1771 817 1846 crescit.

381 1928 570 2004 Flamma
598 1931 787 2007 caelestis
815 1931 1014 2031 premitur
1041 1937 1223 2007 veterno:

384 2035 519 2134 Segne
547 2037 605 2110 nil
634 2044 778 2136 pectus
806 2039 971 2137 peragit
997 2063 1075 2113 nec
1103 2039 1235 2113 audet.

381 2143 554 2218 Desidet
581 2145 749 2220 maestis
776 2145 945 2220 latebris
973 2152 1016 2221 et
1043 2147 1182 2221 horret

487 2251 649 2326 Noctua
676 2251 826 2327 lumen.

382 2409 439 2485 Ut
466 2409 546 2484 situ
574 2411 684 2509 turpi
712 2412 822 2486 iacet
847 2412 959 2486 unda
986 2413 1136 2511 stagni,

381 2515 503 2591 Nulla
532 2541 654 2615 quam
683 2521 824 2593 crebro
854 2525 994 2594 movet
1022 2545 1121 2595 aura
1148 2519 1257 2594 flatu:

382 2621 450 2697 Sic
478 2624 606 2699 hebet
631 2624 753 2700 nullis
782 2625 892 2701 acies
920 2626 1112 2724 procellis

490 2730 663 2806 Concita
690 2731 852 2806 mentis

380 2887 507 2964 Astra
535 2915 656 2988 quem
684 2899 851 2967 versant
878 2892 1001 2968 variis
1029 2893 1205 2993 periclis

381 2996 562 3071 Molliter
590 3023 711 3096 quem
739 3024 824 3074 non
851 2999 979 3074 habet
1006 3000 1068 3075 ira
1093 3026 1245 3100 regum,

379 3102 511 3177 Maior
539 3105 744 3178 aerumnis
773 3104 933 3180 animus
962 3107 1136 3183 micanti

486 3211 640 3286 Haeret
669 3212 855 3311 Olympo,

724 3498 882 3506 ᾐ-

754 3758 850 3822 XIV.

449 3968 637 4043 MARITI
666 3971 907 4048 AMANTIS
936 3973 1153 4050 AESTUS.

379 4177 559 4276 Ingemis
588 4183 737 4257 mentis
766 4184 892 4258 tacito
923 4184 1062 4260 dolore
1273 4200 1318 4255 fol.
1335 4195 1382 4252 147¹

379 4287 430 4358 Et
458 4288 564 4385 tegis
592 4290 738 4364 vulnus
767 4291 919 4389 populo
949 4290 1142 4390 profano:

378 4393 531 4468 Pectus
560 4396 640 4468 huc
667 4396 765 4470 illuc
793 4397 916 4473 dubio
944 4406 1187 4497 retorquens

484 4500 644 4577 Dividis
673 4511 799 4578 aestu.
