3164 5154
534 250 607 308 LIB.
625 249 663 306 IL
684 251 800 308 17-19.

130 449 273 525 Laude
302 449 435 526 celsus
463 450 630 541 eminet,

238 555 465 657 Spematur
492 557 571 634 etsi
599 559 651 634 ab
680 557 853 635 aemulis
880 557 1091 653 ministris,

131 662 246 753 Quos
274 663 418 739 dolosa
446 688 540 764 spes
568 663 644 741 alit

239 767 324 845 Aut
346 769 490 847 fraude
517 770 756 847 conituntur
782 772 836 848 ad
862 771 1037 871 gradum
1056 772 1197 865 altum,
1270 827 1296 867 „

131 875 222 966 Quo
251 875 488 977 frequenter
516 877 711 954 excidunt

237 983 402 1084 Suoque
431 985 504 1062 sed
533 1010 621 1061 sero
652 986 870 1086 ingemunt
896 985 1062 1087 pericle.

131 1088 280 1191 Stirpis
309 1097 353 1167 at
380 1097 522 1167 manet
548 1090 677 1185 iubar,

235 1197 450 1290 Doctrina,
478 1197 591 1276 fama
616 1199 808 1301 pauperis
836 1199 1003 1275 Metelli.
1265 1251 1292 1291 ,0

586 1550 745 1561 -—

609 1848 709 1916 XIX.

304 2063 378 2141 ΑΙ)
407 2061 671 2143 ANGELUM
700 2061 1010 2142 CUSTODEM.

234 2276 267 2352 Ο
299 2283 441 2353 sancte
470 2282 620 2368 custos,
651 2276 796 2353 ductor
824 2283 867 2353 et
894 2277 1049 2354 arbiter
1151 2294 1202 2350 fol.
1221 2297 1275 2352 est·

231 2382 393 2458 Morum
421 2407 617 2474 meorum,
647 2383 846 2461 sollicitus
878 2385 979 2460 ratis

285 2491 527 2566 Navarchus
556 2496 598 2566 et
623 2490 729 2566 fidus
756 2515 830 2591 per
858 2498 967 2567 artas

338 2597 620 2697 Difficilesque
647 2598 736 2673 vias
764 2596 963 2674 Achates:

231 2757 397 2833 incerta
423 2782 475 2832 ne
503 2782 570 2833 me
599 2757 748 2834 semita
776 2757 894 2834 devio

231 2865 369 2940 Ducat
394 2888 570 2956 recessu,
598 2871 656 2957 tu,
685 2867 805 2957 bone,
835 2864 1021 2967 provide:

284 2972 486 3047 Permitte
513 2995 580 3046 me
607 2996 831 3072 numquam
860 2973 1002 3072 vagari

335 3079 418 3154 Per
449 3078 630 3154 latebras
668 3086 710 3156 et
743 3079 866 3156 inane
894 3105 1078 3155 murmur

231 3238 369 3315 Plebis
388 3238 598 3315 tumentis.
629 3239 715 3313 Nec
733 3263 949 3338 procerum
969 3240 1086 3317 favor

230 3346 424 3437 Attollat,
454 3350 501 3420 ut
528 3370 594 3420 me
623 3345 824 3421 subiciam
851 3371 952 3446 rogo

282 3451 478 3530 Ardentis
509 3451 615 3543 Orci,
646 3452 865 3529 veritatem

337 3560 495 3658 Exiguo
525 3565 598 3635 aut
624 3559 756 3659 pretio
785 3560 1026 3661 relinquam.

232 3721 367 3812 Quam
396 3720 483 3796 rita
510 3720 650 3797 multis
677 3726 820 3796 nostra
847 3720 1039 3821 periculis

233 3828 355 3905 Omni
383 3827 544 3903 laboret
571 3834 769 3927 tempore,
798 3828 982 3927 lapsibus

285 3935 481 4012 Subiecta
509 3935 660 4010 crebris
689 3934 833 4025 cernis,
863 3935 994 4011 hostis

338 4042 448 4133 Quas
477 4047 610 4118 struat
636 4042 807 4117 insidias
836 4048 1057 4141 protervus.

232 4203 283 4279 O!
314 4206 434 4279 turba
461 4203 647 4279 mortalis
677 4203 865 4303 quotiens
893 4202 1006 4302 gravi

232 4310 340 4385 Casu
368 4310 532 4409 periret,
562 4310 762 4386 sideribus
790 4335 936 4384 manus

282 4416 333 4492 Ni
366 4417 489 4491 missa
518 4418 668 4492 summi
696 4417 928 4492 sublevaret

333 4523 520 4598 Numinis
549 4523 721 4623 imperio
748 4523 905 4600 fideles!
