3164 5154
707 221 913 280 SILVABUM

379 424 434 497 Et
461 421 618 499 sanetis
645 422 836 522 precibus
863 421 1089 522 propitium
1115 420 1303 514 Patrem,

381 529 461 619 Qui
489 536 654 622 terram,
683 527 884 629 liquidum
910 526 1096 605 condidit
1123 533 1167 604 et
1195 553 1325 621 mare;

380 635 517 712 Errori
546 636 711 712 veniam
739 635 809 736 qui
836 634 970 712 facilis
998 635 1117 712 dabit

382 743 738 843 Commissumque
765 741 882 818 nefas
910 742 1108 844 sanguine
1137 741 1271 819 diluet
1395 795 1412 833 s

379 850 570 947 Dilectae
599 849 777 942 Subolis‚
805 849 972 926 flamine
1001 848 1179 950 Spiritus

382 959 585 1057 Deterget
611 957 794 1032 maeulas
823 981 873 1033 ae
901 957 1102 1033 scelerum
1130 958 1294 1056 probra.

382 1063 450 1140 Sio
477 1071 574 1166 post
599 1062 687 1141 fata
712 1069 829 1164 petes
857 1063 994 1141 lueida
1023 1062 1169 1140 sidera.

785 1804 830 1874 [L

395 2036 692 2116 ECCLESIAE
720 2035 1003 2139 ANTIQUAE
1028 2034 1231 2116 FACIES.

384 2252 501 2327 Mens
528 2250 645 2327 iubet
670 2248 828 2350 priseae
855 2249 1023 2351 pietatis
1050 2250 1199 2327 aedem
1307 2264 1355 2321 foi
1372 2267 1419 2323 er·

384 2359 439 2433 Et
466 2381 604 2433 saeros
631 2355 734 2432 ritus
762 2355 921 2458 aperire
948 2363 1113 2459 patmm
1141 2382 1192 2434 ae

385 2464 581 2564 Dispares
608 2463 785 2539 multum
813 2463 925 2540 vitiis
952 2469 1152 2564 nepotum

492 2571 682 2646 Pandere
710 2594 858 2647 mores.

388 2730 543 2807 Sancta
568 2729 763 2805 nimirum
791 2728 975 2830 probitas
1003 2729 1182 2823 oalebas,

388 2836 493 2912 Cum
521 2844 614 2912 tuos
642 2836 788 2913 stravit
814 2836 951 2937 gravis
979 2835 1041 2912 ira
1066 2862 1211 2937 regum

386 2945 440 3019 Et
467 2943 580 3018 furor
606 2968 805 3043 praeoeps
832 2943 1016 3020 violenta
1042 2943 1152 3020 natis

492 3049 661 3126 Proelia
687 3049 828 3126 movit

388 3209 611 3307 Sanguinis
640 3213 804 3285 crebros
833 3209 951 3286 stetit
976 3209 1086 3287 inter
1113 3210 1266 3288 imbres

387 3316 559 3392 Nescius
588 3315 732 3415 poenis
761 3315 858 3392 dare
891 3323 1010 3417 terga
1036 3317 1170 3393 miles:

387 3423 557 3499 Vertioe
585 3429 725 3500 erecto
755 3448 958 3522 generosa
984 3423 1115 3500 virtus

497 3529 654 3606 Cedere
681 3528 849 3630 sprevit.

388 3688 545 3790 Impius
573 3696 705 3765 tortor
731 3689 895 3791 premit,
924 3689 1063 3783 instat,
1093 3696 1229 3790 urget:

390 3796 470 3873 Ore
498 3797 650 3872 ridenti
678 3796 842 3897 peragit
869 3795 1134 3896 triumphum,

389 3902 524 3980 Morte
553 3904 650 3978 dum
678 3903 790 3979 vieta
817 3909 1008 4003 penetret
1035 3903 1238 3981 nitentem

495 4010 655 4109 Martyr
682 4008 914 4111 Olympum.

391 4170 602 4269 impotens
630 4170 741 4247 fleoti
769 4169 902 4270 pretio
930 4169 1119 4261 minisve,

391 4277 449 4354 Ut
476 4275 701 4353 iuventutis
729 4277 914 4353 thalamo
943 4277 1072 4377 iugali

392 4383 618 4460 Conseoret
644 4384 799 4476 florem,
828 4383 1018 4484 preoibus
1046 4383 1199 4483 fatigat

502 4490 646 4567 Sidera
673 4491 801 4590 virge.

1409 4535 1430 4576 tl
