3164 5154
724 237 930 294 SILVARUM

343 437 423 513 Vix
453 439 628 514 obseura
654 437 762 537 tegit
787 462 854 512 me
883 460 990 529 casa,
1020 437 1207 538 caespite

344 542 477 634 Quam
506 544 636 620 struxi
662 544 784 620 viridi
813 549 856 620 et
881 543 1094 621 frondibus
1122 547 1334 641 arborum3

342 651 459 728 Pello
487 675 595 752 pane
622 650 787 745 famem,
815 648 930 727 fonte
958 649 1070 728 sitim
1096 650 1204 743 leve,

449 757 649 834 Somnum
678 764 829 834 stratus
857 757 972 833 humi
1000 764 1108 859 peto.

341 919 594 1018 Paupertate
622 926 764 994 tamen
792 916 940 994 laetior
967 917 1146 1010 ambulo,

343 1026 476 1116 Quam
505 1051 598 1101 cum
628 1024 781 1100 divitiis
809 1024 987 1101 intumui
1013 1024 1139 1100 meis:

342 1132 434 1208 Non
463 1138 600 1209 aestus
629 1132 776 1207 dubius
805 1131 964 1207 detinet
990 1130 1165 1232 amplius

447 1239 535 1315 Nec
564 1238 693 1315 moles
722 1245 870 1339 gravat
896 1238 1077 1314 anxium.

342 1398 452 1474 Dum
482 1399 579 1475 solis
606 1398 744 1474 radios
773 1403 946 1474 contuor
973 1422 1117 1474 aureos

343 1505 396 1580 Et
422 1506 545 1581 lunae
572 1505 740 1581 niveum
768 1504 976 1604 conspicio
1005 1504 1135 1597 iubar,

344 1610 493 1688 Grates
522 1613 635 1689 solvo
665 1613 754 1704 deo,
785 1612 895 1687 dona
920 1611 1106 1711 recogito

449 1721 504 1795 Et
530 1720 659 1795 vitam
687 1725 852 1795 tenuem
882 1719 1067 1795 aestimo

778 2352 856 2419 VII.

232 2567 353 2646 DIES
389 2567 590 2646 FESTUS
628 2564 964 2646 SANCTORUM
991 2568 1395 2651 APOSTOLORUM

581 2692 738 2769 PETRI
775 2693 845 2770 ΕΤ
880 2693 1049 2772 PAULI.

180 2907 336 3007 Sparge
357 2905 466 2980 diem
485 2905 653 2980 meliore
674 2930 806 2995 coma,
836 2904 906 3004 qui
926 2912 1080 2982 cuncta
1096 2907 1273 2984 micanti
1309 2922 1358 2978 for
1377 2923 1425 2980 δι’·

286 3013 462 3088 Lumine
490 3012 651 3104 lustras,
682 3037 751 3087 ore
780 3037 959 3106 serenus,

179 3119 362 3212 Phoebe,
392 3119 510 3194 iubar
538 3119 721 3194 diffunde
748 3144 917 3194 novum:
945 3119 1005 3195 nil
1032 3119 1177 3196 nubila
1203 3121 1374 3222 possint,

283 3225 451 3325 Ingenti
477 3250 556 3301 nec
584 3225 791 3324 Aquarius
818 3250 932 3302 urna.

177 3333 269 3407 Lux
299 3332 436 3424 oritur,
466 3332 639 3433 pedibus
668 3357 749 3434 qua
776 3333 934 3408 Romae
962 3332 1097 3409 tendit
1124 3332 1178 3409 ad
1206 3339 1317 3411 astra

283 3438 460 3514 Inversis
488 3439 648 3532 Petrus,
679 3464 776 3515 ense
803 3439 1034 3539 triumphat

177 3544 344 3637 Paulus,
375 3545 444 3646 qui
473 3547 628 3621 clarum
656 3571 818 3647 semper
844 3545 1003 3622 visurus
1032 3546 1255 3646 Olympum

282 3653 439 3728 Lactea
465 3656 637 3753 praebet
665 3654 770 3728 eolla
799 3653 948 3728 securi:
1417 3705 1427 3744 ⁸

176 3756 375 3835 Caelestis
403 3760 507 3859 legis
537 3760 734 3852 doctores,
763 3759 898 3834 sidera
924 3758 1078 3852 mundi,

282 3867 572 3942 Fundamenta
599 3874 642 3942 et
667 3868 817 3942 robora
843 3866 973 3958 firma,

182 3970 283 4062 Quis
313 3974 483 4049 struitur
511 3972 610 4049 felix
638 3973 681 4048 in
708 3980 818 4049 terra
847 3972 1021 4049 ecclesia
1050 3971 1203 4049 Christi

282 4078 422 4180 Atque
449 4080 641 4156 innititur
668 4105 789 4155 omne
818 4105 890 4180 per
918 4105 1077 4155 aevum.
1405 4129 1424 4169 ι,

175 4186 251 4261 His
280 4186 453 4262 immota
481 4187 582 4262 fides
610 4187 733 4262 nullis
763 4187 965 4262 erroribus
993 4187 1140 4263 haeret

280 4293 553 4394 Principibus,
583 4319 676 4394 spes
705 4299 797 4369 tuta
824 4293 1020 4393 quiescit:

174 4399 363 4476 Numinis
391 4400 551 4477 aeterni
579 4401 717 4476 stabili
745 4400 883 4476 radice
912 4407 1076 4477 tenetur

279 4508 334 4582 Et
362 4507 508 4585 crescit
536 4508 766 4584 sublimiter
793 4509 922 4584 ardor.
