3164 5154
161 208 204 267 40
697 196 906 255 CARMINUM

776 394 821 459 H.

264 541 338 617 AD
365 539 593 617 AVARUM
621 538 691 616 ET
719 538 1069 617 LIBIDINOSUM
1097 538 1342 618 DIVITEM.

324 699 406 775 Cur
434 724 532 799 opes
560 724 732 798 magnas
761 699 958 790 cumulas,
988 723 1156 775 acervos
1296 699 1417 758 f0117'·

328 806 501 906 Colligis
529 807 702 905 glaebae
730 805 904 880 nimium
931 806 1114 881 rubentis

321 914 376 989 ut
403 914 547 988 domos
576 913 705 1012 stipas
732 912 853 989 niveo
881 910 1075 988 micantis

430 1021 600 1095 Munere
628 1020 799 1094 Lunae?

323 1181 448 1256 Nulla
475 1179 511 1254 si
537 1178 673 1279 proles
701 1178 890 1280 proprius
918 1204 995 1256 neo
1023 1179 1141 1254 heres

326 1287 390 1363 Sit
416 1286 504 1380 tibi,
536 1285 716 1362 coniunx
745 1286 875 1361 sterili
901 1288 1118 1362 recumbat

324 1396 374 1470 In
402 1401 494 1469 toro
524 1417 696 1492 semper,
726 1392 922 1468 meretrix
950 1418 1004 1469 an
1032 1416 1176 1468 aurum

431 1500 574 1576 Foeda
600 1499 809 1599 reposcit?

326 1659 516 1737 Pectoris
544 1665 681 1735 motus
710 1660 852 1735 avidos
881 1683 1038 1751 coerce,

326 1766 516 1867 Cypridis
547 1791 664 1842 ouras
692 1791 835 1842 reseca
861 1772 1072 1858 nocentes

327 1873 473 1949 Sobrio
502 1872 659 1948 fructus
688 1873 787 1949 satis
816 1872 1025 1950 adferetur

433 1981 567 2055 Parvo
597 1982 649 2056 ab
679 1981 825 2079 agello

326 2139 488 2214 Pabulo
517 2147 564 2215 ut
590 2165 814 2239 numquam
844 2139 1018 2215 satiatur
1045 2138 1166 2239 ignia,

328 2244 478 2342 Omnia
506 2249 728 2323 absumunt
755 2247 955 2323 alimenta
981 2246 1186 2323 flammae:

329 2352 398 2429 Sic
427 2351 538 2427 sitim
565 2354 715 2429 mentis
746 2354 920 2454 cupidae
950 2361 992 2428 et
1020 2353 1166 2429 salacis

435 2459 502 2534 Nil
530 2460 642 2535 levat
669 2485 877 2560 umquam.

328 2618 446 2694 Nube
475 2626 561 2695 tam
589 2645 744 2697 vesana
771 2620 932 2695 animus
962 2621 1119 2698 solutus

329 2727 482 2801 Laetus
512 2733 558 2802 ut
585 2725 689 2801 vivit
717 2727 813 2802 sibi!
843 2728 936 2803 luce
964 2729 1138 2828 gaudet!

327 2833 421 2907 Non
449 2831 527 2906 frui
556 2833 665 2906 dulci
692 2834 848 2932 poterit
876 2834 1014 2932 quiete

434 2940 594 3014 Maesta
622 2939 763 3016 libido.

774 3368 833 3430 ΙΙΙ.

361 3505 614 3584 FIDELIUM
642 3506 934 3584 ANIMARUM
963 3505 1258 3586 PLANCTUS.

329 3663 431 3753 Quis
459 3689 535 3741 nos
564 3666 721 3742 amicus
749 3666 935 3743 tristibus
964 3667 1086 3767 eripit
1304 3664 1358 3718 f⁰¹·
1379 3667 1430 3722 17'·

328 3771 526 3847 Flammis
553 3777 779 3872 patronus?
809 3773 1009 3848 sideribus
1037 3774 1150 3850 locat

382 3879 485 3953 Post
512 3879 709 3979 plurimos
737 3881 907 3955 tandem
934 3881 1126 3957 labores?

435 3984 644 4062 Litoribus
672 3987 815 4087 patriis
843 3987 1037 4088 reponit?

331 4143 365 4218 Ο
395 4143 501 4219 fata!
536 4170 690 4245 poenas
719 4147 816 4222 dum
844 4148 993 4223 luimus
1022 4171 1180 4246 graves,

331 4250 497 4326 Delicta
525 4253 657 4328 saevis
687 4255 784 4328 dum
812 4253 977 4353 ignibus
1008 4254 1147 4329 omnia

385 4358 622 4457 Purgantur
650 4368 692 4435 et
719 4360 827 4435 iusta
855 4360 987 4435 severi

439 4464 591 4541 Iudicis
622 4466 882 4567 excipiuntur
910 4493 1022 4560 urna,
