3164 5154
547 257 622 315 LIB.
640 258 664 314 L
682 260 763 316 4-u.

176 458 238 535 Ne
265 465 309 534 te
336 456 540 533 munditie
569 457 760 557 decipiat,
790 481 904 549 cave,

177 568 235 646 Ut
259 564 449 667 nymphe
477 589 546 642 ors
575 564 740 658 decens,
768 569 940 666 pectore
968 565 1152 642 sordida:

229 674 366 749 Labes
393 695 489 748 vere
516 671 678 771 patebit

285 777 508 881 Aspirante
535 779 733 854 Favonio

178 940 281 1016 Post
307 938 418 1014 vitae
446 938 554 1014 hano
581 939 762 1014 hiemem
790 939 854 1017 sic
881 945 1044 1041 reteget
1071 939 1158 1016 dies

177 1046 378 1123 Astraeae
407 1069 528 1121 omne
555 1044 673 1121 nefas
701 1046 893 1124 cordibus
921 1048 1120 1125 abditum.

230 1152 348 1229 Felix
375 1158 520 1252 terque
547 1155 705 1244 beatus,

286 1258 363 1335 Cui
389 1259 525 1335 nullus
554 1259 719 1335 sceleris
749 1260 878 1336 color!

622 1860 681 1929 VI.

385 2075 562 2153 LAETA
598 2074 922 2153 PAUPERTAS.

181 2287 215 2363 Ο
245 2287 408 2386 quantis
437 2287 583 2387 opibus
613 2287 728 2363 dives
756 2294 845 2363 erat
870 2293 1006 2386 pater!
1142 2301 1192 2358 fol.
1210 2302 1264 2358 ὃν·

181 2395 292 2485 Quot
319 2395 505 2495 possedit
533 2419 662 2493 agros,
691 2394 855 2495 oppida,
885 2393 1071 2493 praedia!

180 2502 238 2582 Ut
264 2501 333 2575 vix
362 2526 576 2577 enumeres
605 2501 745 2577 omnia
773 2505 816 2575 et
842 2499 965 2575 unico

285 2606 380 2685 Non
407 2607 581 2684 transire
611 2632 735 2708 queas
765 2607 842 2682 die.

179 2767 396 2844 Praesedit
421 2767 577 2844 laribus
606 2764 782 2843 candida
808 2764 1010 2859 faustitas,

179 2875 321 2951 Plenis
351 2875 521 2951 emicuit
549 2875 670 2975 copia
698 2873 910 2949 cornibus:

180 2980 383 3058 Errabant
410 2981 509 3082 agili
535 2981 725 3057 lautitiae
753 2979 859 3082 pede

288 3088 464 3190 Sparsae
491 3089 620 3188 longa
646 3113 720 3190 per
747 3087 862 3163 atria.

182 3247 282 3337 Quis
311 3249 435 3325 silvas
463 3254 676 3342 memoret,
707 3246 796 3349 quis
823 3247 1029 3339 viridaria,

179 3355 324 3432 Hortis
353 3354 522 3431 Alcinoi
550 3355 720 3432 delicias
747 3356 901 3454 paros?

179 3463 391 3538 Ludentes
420 3463 510 3562 quis
539 3486 666 3562 aquas
694 3486 768 3562 per
794 3461 968 3536 tacitrun
995 3461 1171 3534 nemus?

287 3569 369 3645 Por
395 3569 584 3669 pomaria
609 3569 790 3644 rivulos?

180 3727 285 3804 Auri
314 3754 392 3804 nec
419 3754 615 3805 numerus
643 3755 720 3804 nec
748 3727 870 3803 nitidi
898 3725 977 3801 fuit

180 3835 379 3934 Argenti:
413 3836 564 3936 cyathi,
594 3861 785 3936 gemmea
812 3834 963 3933 pocula

180 3943 429 4018 Fundebant
455 3943 584 4018 veteri
614 3942 780 4019 consule
810 3942 1046 4017 Caecubum

293 4048 365 4127 Vel
392 4057 536 4126 nectar
562 4050 699 4150 potius
727 4074 899 4129 merum.

180 4209 256 4286 Dis
285 4210 492 4309 quondam
521 4210 679 4310 superis
709 4233 832 4284 suave
861 4204 1095 4283 faventibus

181 4317 298 4393 Haeo
325 4315 493 4393 fortuna
521 4317 690 4408 domus;
721 4317 839 4416 lapsa
868 4314 940 4389 sed
969 4311 1110 4387 omnia

182 4424 300 4499 Nunc
327 4429 459 4500 retro:
489 4423 627 4525 rapuit
654 4430 806 4499 cuncta
831 4419 1056 4496 necessitas

288 4531 343 4607 Et
367 4531 511 4607 Martis
539 4556 685 4607 manus
718 4528 899 4606 abstulit.
