3164 5154
513 257 588 312 LIB.
605 258 660 314 III.
680 258 797 315 18-20.

120 461 203 535 Tot
230 457 410 534 corradit
438 482 537 557 opes
566 482 704 549 senex,

227 565 332 665 Lydi
361 565 524 640 divitias
552 570 600 639 ut
627 573 793 664 superet
819 566 946 657 ducis,

120 675 254 766 Quem
283 674 413 748 Persa
440 670 637 770 imposuit
662 697 764 770 rogo

227 781 281 854 Et
308 778 458 853 frustra
486 777 690 854 tumidum
718 780 979 879 praemonuit
1007 780 1152 857 Solon:
1254 818 1279 857 a

121 886 317 963 Membris
347 885 549 960 debilibus
577 885 688 977 licet,

227 992 447 1068 Exhaustis
475 992 679 1068 tumulum
707 992 862 1068 viribus
891 1000 1073 1094 appetat.

120 1100 272 1201 Ecquis
301 1098 498 1199 corripuit
524 1097 636 1174 furor

229 1209 311 1282 Tot
338 1207 484 1281 suda-re
512 1205 657 1296 modio,
686 1207 847 1306 pondus
875 1207 1020 1284 inutile
1255 1245 1279 1285 a

121 1314 226 1391 Auri
253 1321 300 1388 ut
328 1317 527 1411 congerat
554 1312 597 1388 in
627 1313 806 1405 domum,

229 1420 333 1495 Cum
362 1427 563 1495 maestam
591 1427 772 1518 nequeat
799 1421 944 1496 tollere
972 1421 1152 1521 pectoris

124 1529 329 1627 Umquam
358 1526 690 1617 sollicitudinem,

230 1633 312 1709 Sed
340 1659 504 1709 somnos
533 1634 703 1725 adimat,
732 1634 872 1710 taedia
899 1635 1133 1732 adaugeat?
1253 1670 1280 1710 ιο

121 1741 232 1831 Quid
259 1741 428 1839 prodest
455 1740 676 1841 opulentia,

229 1848 337 1938 Quid
365 1873 493 1922 cornu
520 1847 672 1923 totiens
701 1847 828 1924 divite
857 1848 988 1948 copia,

122 1955 227 2031 Cum
257 1954 384 2029 letum
413 1953 550 2029 tacido
580 1955 684 2053 pede

229 2061 443 2136 Festinum
472 2060 688 2137 immineat
716 2065 836 2137 rebus
865 2068 908 2137 et
936 2070 1070 2155 exuat,
1254 2099 1280 2138 n

123 2167 235 2258 Quas
264 2168 398 2242 iunxit
424 2168 541 2243 labor
568 2169 774 2244 insolens?

231 2275 339 2365 Quid
367 2275 504 2349 clades
528 2301 753 2351 memorem
782 2283 823 2350 et
847 2301 970 2351 saeva
993 2277 1185 2374 pericula,

123 2381 240 2472 Quae
268 2382 509 2458 mortalibus
538 2382 742 2472 accidunt,

231 2488 342 2578 Quos
371 2497 533 2588 gestare
562 2515 634 2564 suo
664 2488 821 2565 credita
848 2515 933 2565 sors
962 2490 1081 2565 sinu?
1255 2526 1281 2564 28

122 2596 217 2670 Non
245 2621 343 2670 auro
374 2596 545 2695 cupidus
573 2597 707 2672 Midas

232 2702 384 2802 Optato
412 2703 559 2803 periit?
587 2729 672 2779 non
700 2705 845 2778 Danae
875 2728 997 2779 aureo

124 2809 280 2884 Delusa
307 2810 437 2884 imbre
466 2812 661 2909 probrum
689 2812 812 2885 tulit?

230 2916 407 2992 Pomum
434 2942 518 2991 non
545 2918 701 3008 Eridos,
732 2918 841 3016 quod
871 2917 985 2992 dedit
1018 2942 1186 2993 aureum
1255 2953 1280 2991 ³2

122 3023 270 3097 Idaeus
302 3024 454 3099 Veneri
482 3050 594 3122 puer,

228 3130 420 3205 Incendit
446 3131 602 3206 Priami
630 3157 759 3230 regna
786 3133 1001 3231 potentia?

122 3237 270 3311 Portas
298 3237 421 3336 tregit
449 3263 599 3312 aeneas

229 3343 344 3419 Auro
373 3345 436 3419 vir
463 3345 650 3434 Macedo,
681 3345 847 3421 moenia
874 3346 1042 3421 subruit.
1256 3380 1281 3418 a

123 3449 318 3548 Quisquis
348 3451 483 3526 sidera
511 3453 709 3527 scandere

233 3558 383 3650 Gestis
405 3560 512 3633 hano
538 3560 681 3659 procul
706 3585 730 3633 a
756 3561 878 3634 corde
901 3566 1044 3635 notam
1065 3584 1222 3634 amove.

614 3930 696 3993 XX.

228 4069 536 4151 CONIUGIUM
565 4073 682 4150 NON
712 4073 1089 4150 SPERNENDUM.

122 4230 297 4329 Nuptias
327 4232 478 4323 horres,
510 4233 706 4323 subolem,
738 4234 918 4325 Trebati,
1144 4249 1194 4302 fol.
1214 4251 1266 4305 95¹·

121 4336 248 4411 Peius
278 4339 401 4413 odisti
429 4340 552 4415 rutilo
583 4340 789 4416 dracone?

121 4444 325 4519 Taedium
354 4446 460 4520 vitas
489 4448 663 4523 thalami
690 4448 842 4546 pudici,

231 4553 372 4653 Iurgia
399 4553 523 4629 lecti?
