3164 5154
706 255 910 312 SILVARUM

326 457 542 532 Naseimur
569 451 667 530 nudi
697 455 868 530 miseras
896 453 940 527 in
969 477 1101 543 auras,

328 563 516 641 Vivimus
544 588 772 661 numquam
800 560 921 636 vaoui
950 559 1148 658 querelis;

325 672 440 746 Meta
468 694 573 771 quae
602 669 802 744 tandem?
829 667 1028 743 Morimur
1057 673 1271 766 gementes

431 776 638 876 Linquere
666 785 829 851 terram.

328 936 428 1026 Quis
457 942 521 1012 tot
548 961 766 1011 aerumnas
795 936 878 1010 ciet
905 940 1030 1035 atque
1059 933 1208 1009 fluctus

326 1044 493 1118 Excitat
520 1046 686 1119 tantos?
715 1044 926 1117 Malesana
955 1041 1087 1140 eulpa,

327 1151 416 1225 Eva
445 1151 542 1225 dum
571 1150 725 1250 carpsit
750 1150 904 1225 vetitos
933 1149 984 1223 ab
1014 1149 1101 1224 alta

433 1255 594 1333 Arbore
622 1257 789 1332 fruetus.

327 1418 437 1492 Hine
465 1417 606 1508 fames,
636 1418 778 1507 letum,
808 1414 897 1492 sitis
926 1441 975 1490 ao
1002 1415 1143 1508 libide,

330 1523 474 1599 Cordis
505 1524 688 1600 ardentis
716 1525 958 1623 peregrinus
987 1548 1108 1615 error,

328 1633 431 1705 Dira
458 1638 689 1732 paupertas
719 1631 837 1706 dolor
864 1657 914 1706 ao
942 1629 1133 1706 nocentis

435 1738 592 1814 Taedia
621 1738 764 1813 morbi.

750 2339 882 2406 XXVI.

349 2551 666 2629 lNEPTORUM
694 2552 988 2631 POETARUM
1017 2552 1270 2629 VANITAS.

385 2764 617 2856 ‚Nasoirnur
644 2771 771 2856 vateS,
802 2764 947 2840 avidae
976 2790 1133 2840 sorores
1279 2779 1326 2833 fol.
1348 2778 1407 2832 ur·

384 2873 467 2947 Nos
498 2871 589 2945 sinu
617 2878 784 2970 gestant
812 2879 855 2947 et
883 2897 1010 2972 aquas
1039 2872 1263 2972 propinant

383 2979 534 3077 Pegasi
564 2986 749 3078 sumptas
779 2979 952 3054 saliente
980 2979 1095 3054 fonte

490 3088 633 3160 Fratre
662 3085 860 3161 iubente‘

385 3248 453 3323 Sio
483 3246 583 3319 mihi
611 3272 742 3345 nuper
770 3246 984 3344 Cleophon
1012 3249 1199 3336 canebat,

385 3353 594 3429 Ranoidus
623 3353 791 3428 maestis
821 3353 948 3451 elegis
975 3359 1111 3451 poeta,

384 3462 517 3535 Nenia
544 3467 667 3533 notus
696 3461 852 3552 tetrica,
881 3461 1053 3535 celebris

493 3569 661 3642 Funeris
691 3569 846 3642 umbra.

384 3728 573 3802 Nobilem
602 3728 745 3802 Musae
773 3730 1011 3803 memorabo
1041 3733 1230 3826 mystam,

386 3835 464 3923 Qui
494 3861 610 3909 saera
638 3835 752 3909 lauro
784 3843 908 3934 eaput
935 3834 1163 3935 impedivit,

384 3943 529 4040 Eloqui
560 3943 752 4040 prudens,
783 3943 966 4018 animare
995 3943 1139 4017 sollers

491 4051 620 4140 Bella,
649 4048 893 4150 triumphos,

385 4210 517 4283 Multa.
546 4209 614 4308 qui
645 4211 768 4284 debet
795 4209 918 4309 genio
947 4210 1060 4285 fideli

385 4318 437 4389 Et
466 4343 538 4389 suo
569 4318 772 4414 quaedam
802 4319 950 4410 studi0,
980 4317 1120 4406 labori,

387 4423 497 4498 Sana
526 4450 647 4522 quem
677 4425 791 4501 duoit
817 4426 923 4502 ratio
952 4451 1029 4501 neo
1058 4430 1168 4499 errat

490 4532 643 4607 Limite
671 4534 783 4607 recti.
