3164 5154
521 232 595 288 LIB,
616 232 665 289 VI.
683 234 798 290 36-37.

561 552 750 618 XXXVII.

421 768 509 845 DEI
537 769 888 848 PRAESENTIA.

175 982 385 1056 Immensa
411 982 530 1057 nobis
559 1007 649 1057 esse
678 985 865 1084 potentia
1125 1000 1268 1056 101131·-

175 1087 291 1165 Caeli
318 1088 492 1183 videtur,
518 1088 579 1164 vis
608 1114 769 1190 queque
795 1091 974 1167 numinis

229 1195 390 1270 Diffusa
418 1196 600 1272 diversos
628 1221 702 1296 per
729 1204 840 1274 artus

283 1303 402 1379 Orbis
431 1310 474 1379 et
501 1303 709 1380 insinuata
735 1307 866 1381 rebus.

180 1499 360 1600 Campos
388 1499 593 1600 liquentes
622 1501 680 1576 ire
708 1526 782 1601 per
810 1503 1000 1602 aequoris

177 1606 402 1682 Censemus
431 1631 479 1682 ac
508 1633 582 1706 per
609 1609 788 1683 sidereas
817 1607 929 1684 faces

230 1713 367 1812 Atque
396 1713 501 1788 acris
529 1713 625 1790 ferri
652 1740 726 1814 per
753 1740 884 1807 auras,

285 1821 473 1897 Nubibus
502 1844 552 1896 ac
579 1822 740 1898 nebulis
768 1823 909 1898 latere.

179 2017 259 2093 Sed
288 2042 409 2093 nemo
440 2017 583 2109 credit,
615 2019 780 2094 credere
807 2018 873 2094 vel
902 2020 1027 2120 cupit,

178 2123 327 2200 Astare
356 2150 515 2200 summo
545 2150 588 2199 se
616 2125 784 2224 propius
812 2126 931 2225 patri,

233 2231 312 2323 Qui
339 2234 476 2324 verba,
505 2238 653 2324 motus,
684 2231 869 2331 cogitata

284 2338 459 2413 Lumine
488 2339 687 2439 perspicit
714 2339 916 2415 irretortc.

179 2534 222 2610 Si
252 2533 441 2634 diligenti
471 2534 697 2610 discuteres
725 2542 850 2627 metu,

180 2640 295 2731 Quae
322 2647 463 2717 mente
490 2642 633 2732 volvis,
665 2666 769 2740 quae
797 2642 989 2742 loqueris,
1019 2641 1133 2733 facis,

125 2797 129 2803 -
233 2748 384 2848 Culpas
411 2755 611 2824 nocentes
640 2756 874 2849 amputares

286 2855 566 2956 Exigeresque
593 2858 739 2931 beatus
768 2881 926 2932 aevum.

180 3049 472 3150 Quaecumque
502 3050 645 3128 condis
673 3052 851 3151 pectoris
880 3052 1031 3152 angulo

180 3157 332 3256 Ignota
360 3158 529 3251 cunctis,
557 3159 699 3258 pervia
727 3166 823 3235 sunt
850 3159 940 3250 dec,

234 3263 314 3354 Qui
341 3264 569 3366 perspicaci
597 3267 690 3341 luce
717 3273 883 3342 noctem

286 3373 339 3445 Et
366 3376 559 3449 tenebras
588 3379 805 3473 penetrare
833 3374 959 3448 novit.

181 3564 261 3641 Hic
288 3566 358 3640 ille
388 3568 448 3642 sol
477 3576 551 3659 est,
582 3568 650 3668 qui
679 3568 791 3644 videt
819 3569 959 3644 emnia

182 3673 323 3771 Atque
352 3673 485 3749 audit:
513 3675 646 3774 ipsum
677 3675 819 3751 fallere
847 3701 931 3751 non
959 3684 1090 3776 potes.

233 3780 466 3857 Necessitas
494 3781 591 3857 hinc
620 3807 773 3880 magna
800 3783 906 3857 iuste

289 3886 487 3963 Omnibus
517 3889 709 3989 imposita
740 3896 802 3964 est
830 3890 992 3987 agendi.
