3164 5154
606 218 687 276 5-7·
1223 231 1286 291 119

111 418 292 494 Immota
319 423 517 517 perstant,
539 417 690 538 quippe
713 417 864 493 mutari
883 419 995 494 haud
1014 426 1179 519 queunt,

218 525 450 624 Praecepta
478 549 627 599 summi
654 524 846 600 numinis

114 630 311 708 Subsidat
337 630 421 705 imo
449 631 599 729 glaeba
626 629 753 707 fundo
782 632 849 708 vel
875 639 971 709 ruat

218 739 429 813 Immensa
456 738 586 814 moles
615 738 806 829 siderum,

112 843 234 944 Apex
261 843 414 945 peribit
440 845 577 919 nullus
605 845 761 920 aeterni
790 845 920 945 patris

217 951 304 1026 Neo
332 951 417 1026 ulla
442 951 510 1026 lex
538 951 749 1027 delebitur.

111 1057 206 1133 Huc
213 1058 334 1133 flecte
344 1082 542 1157 gressum,
554 1058 737 1158 quisquis
748 1083 806 1134 es:
821 1059 933 1135 iussa
947 1060 1051 1134 haec
1065 1084 1180 1162 cape.

221 1163 310 1254 Quo
338 1172 381 1240 te
408 1165 609 1241 revolvis?
639 1164 737 1264 quid
764 1164 909 1240 times?
1249 1220 1277 1261 u

113 1271 333 1372 Descripta
361 1277 458 1347 sunt
485 1272 765 1371 penetralibus
794 1272 928 1347 cordis
956 1273 1032 1348 tui:

220 1379 298 1454 His
328 1377 439 1454 disce
466 1379 614 1468 vivere,
643 1378 707 1453 his
735 1378 851 1454 mori.

606 2031 683 2098 Vll.

292 2245 521 2326 SAECULI
550 2246 778 2325 INGRATI
808 2247 1001 2325 MORES.

113 2459 279 2536 Nutrita
307 2459 467 2558 magnis
497 2459 666 2534 aedibus
695 2457 829 2535 fuerat
856 2459 974 2558 Clyte
1142 2474 1193 2530 fol.
1211 2477 1264 2532 tar·

220 2567 356 2666 inops,
386 2567 459 2641 sed
486 2566 634 2642 illustri
663 2566 796 2641 domo.

114 2674 195 2751 Ubi
224 2673 353 2749 crevit
380 2679 503 2750 aucta
530 2673 683 2748 viribus
714 2672 826 2764 satis,
853 2673 959 2750 lares

221 2781 421 2856 Deserere
449 2779 606 2880 placuit
633 2780 844 2879 pristin0s;
1264 2835 1278 2874 r

116 2886 232 2978 Quae
255 2886 333 2961 sibi
352 2887 508 2962 tributa
535 2911 707 2961 munera
742 2894 783 2962 et
810 2893 954 2986 potum
974 2894 1017 2962 et
1044 2886 1184 2963 cibum

223 2992 438 3070 Oblivione
467 2993 597 3068 diluit.

117 3099 194 3176 Cui
221 3098 353 3175 frusta
378 3100 509 3200 panis,
541 3124 634 3175 ossa
662 3100 728 3174 vel
756 3099 898 3195 donas,
928 3100 1041 3177 canis

220 3206 347 3282 Fidus
375 3207 494 3282 lateri
523 3207 721 3282 adhaeret
749 3231 899 3283 comes.

117 3312 291 3412 Cyrillus
321 3314 503 3389 eruditus
532 3339 557 3389 a
584 3314 714 3414 probo
743 3337 841 3388 sene

224 3420 484 3518 Graecaeque
514 3421 659 3495 doctus
689 3418 849 3495 litteras

117 3525 358 3602 Contemnit
386 3528 532 3628 ipsum,
561 3528 717 3602 lacerat
746 3526 949 3624 ambiguis
972 3526 1130 3627 probris

222 3634 276 3707 Et
302 3634 409 3708 ludit
435 3633 617 3732 indignis
645 3633 790 3709 modis.
1253 3688 1278 3728 1,

116 3738 227 3814 Diris
254 3739 417 3839 periclis
445 3740 672 3815 Maximum
701 3740 851 3839 eripuit
878 3740 1009 3832 Titus,

224 3845 414 3922 Servavit
441 3872 465 3922 a
492 3847 738 3924 latronibus:

117 3953 293 4028 Evectus
322 3954 365 4028 in
394 3954 581 4047 sublime,
612 3955 669 4029 sic
698 3961 842 4053 partae
870 3978 1029 4029 memor

225 4058 378 4136 Salutis
406 4062 518 4136 haud
545 4086 742 4159 umquam
771 4059 859 4136 fuit.
1254 4112 1280 4153 ω

118 4166 304 4241 Patriam
331 4174 520 4243 ruentem
549 4166 664 4243 fulsit
691 4167 918 4267 intrepidus
947 4168 1033 4242 Leo

224 4273 278 4348 Et
306 4274 421 4348 clade
451 4276 593 4350 crebra
621 4273 779 4374 depulit

119 4379 262 4455 Hostis
290 4379 485 4455 furorem:
516 4383 627 4456 solus
656 4379 829 4480 agnovit
857 4382 1033 4472 Damon,

226 4488 408 4562 Tacuere
437 4491 562 4562 robur
590 4488 727 4563 ceteri.
