3164 5154
727 457 807 522 XV.

499 619 725 700 MATURE
753 621 1036 701 AGENDUM.

176 781 364 860 Dulichii
393 781 540 856 ductor
566 779 756 879 Lilybaei
783 781 957 857 navibus
986 782 1117 857 undas
1245 796 1389 854 f01.11ev·

288 888 495 964 Findehat
523 893 566 964 et
592 890 745 962 nubem
773 889 918 987 procul

178 999 431 1074 Fumantem
460 994 575 1070 eaelo
604 994 760 1094 liquido
791 997 997 1087 cernebat,
1028 995 1072 1070 in
1100 995 1231 1071 altum

291 1102 425 1194 Quam
452 1126 553 1200 rupe
583 1101 791 1200 suspirans
820 1101 938 1200 gigas

180 1211 340 1312 Impius
368 1208 525 1308 Alpina
551 1207 673 1284 tollit.
705 1206 808 1282 Cum
835 1209 993 1284 vertice
1023 1234 1183 1285 summo

289 1317 421 1390 Fuere
449 1313 662 1414 tranquilli
690 1314 826 1405 maris,

181 1423 344 1501 Ludere
372 1429 455 1497 tres
482 1422 594 1497 vitae
623 1421 791 1522 plectris
821 1421 1071 1522 citharisque
1099 1423 1280 1523 puellae:

290 1529 499 1627 Fulgebat
527 1529 682 1604 electro
712 1551 842 1619 coma,
1390 1583 1403 1621 ⁸

183 1637 402 1712 Ardebant
429 1635 538 1709 oculi
564 1635 785 1710 Phoebeae
812 1635 1015 1733 lampadis
1044 1635 1184 1728 instar,

291 1743 467 1817 Niveum
495 1741 607 1816 unda
633 1742 846 1817 lambebat
875 1741 1021 1816 sinum.

182 1851 301 1927 Voce
328 1850 441 1947 lyrae
469 1849 602 1924 mixta
629 1856 718 1923 tam
748 1849 883 1923 dulcia
912 1848 1097 1923 carmina
1122 1846 1300 1922 fundunt

291 1955 489 2033 Volantia
517 1963 615 2031 ante
644 1958 825 2047 carbasa,
1379 2009 1402 2048 ,2

184 2062 288 2139 Alas
317 2070 363 2137 ut
389 2062 570 2162 Zephyri
598 2062 812 2136 firmarent
840 2085 942 2153 aere,
969 2061 1119 2161 puppis

293 2169 467 2244 Cursum
494 2167 687 2267 fugacem
716 2168 890 2244 sisteret.

185 2276 283 2372 ,Qui
312 2275 578 2377 conspexisti‘
609 2277 785 2365 aiebant,
814 2275 1016 2370 ,bellaton
1046 2274 1219 2350 Achivis

294 2382 514 2458 Subsidere
542 2382 648 2458 Ilion
676 2382 851 2481 ignibus,
1378 2435 1403 2474 ,⁶

184 2491 301 2567 Alite
329 2489 442 2564 felici
469 2489 618 2564 venisti
648 2489 700 2563 ad
728 2489 851 2564 litora
878 2494 1021 2562 nostra

293 2597 544 2695 Peregrinus
573 2603 615 2670 et
643 2620 840 2671 amoenas
868 2595 1027 2694 plagas:

184 2705 423 2802 Praesagae
450 2702 601 2777 fuimus
630 2701 784 2777 reditus
812 2701 1034 2799 multisque
1064 2701 1207 2776 diebus

294 2809 501 2886 Ardenter
529 2809 870 2909 exspectavimus.

184 2917 393 2994 Laetitiae
421 2917 489 2992 hio
516 2941 690 3013 regnum
720 2924 762 2991 et
789 2916 904 3005 nsua,
934 2916 1013 2988 hac
1033 2914 1129 2989 sede
1153 2919 1367 2989 morantur

295 3023 474 3099 Animae
502 3026 650 3099 beatae
679 3022 846 3121 iugiter:

186 3133 345 3209 Verum
374 3132 513 3206 clausa
541 3130 637 3230 pedi
666 3129 831 3205 mortali
857 3129 950 3226 lege
978 3129 1163 3226 perenni,

297 3237 412 3328 Quae
442 3238 557 3312 ducit
584 3239 675 3327 huc,
705 3244 768 3311 est
797 3235 954 3310 semita.
1378 3285 1405 3324 2,

187 3344 354 3421 Gaudia
380 3351 499 3419 tanta
527 3344 604 3419 tibi
633 3344 764 3418 fatum
794 3341 1006 3417 concedit:
1037 3367 1091 3416 an
1119 3365 1260 3416 amens

296 3451 488 3548 Ingratus
518 3457 590 3526 aut
619 3449 946 3549 contempseris?

186 3559 393 3658 Expertus
422 3560 576 3635 bellum
603 3584 752 3657 paoem
780 3582 890 3630 nuno
920 3556 1073 3648 excole,
1104 3554 1255 3630 ferrum

296 3666 485 3764 Depone:
512 3666 646 3739 nudus
676 3673 739 3739 est
767 3688 892 3738 amor.

188 3771 415 3870 Percipies,
447 3773 545 3871 quid
574 3771 628 3846 sit
656 3770 884 3857 iucundius,
915 3793 968 3842 an
996 3770 1097 3843 tuba
1124 3792 1252 3841 rauca

297 3878 367 3952 An
395 3879 549 3953 blanda
577 3878 689 3952 vocis
718 3900 939 3951 murmrua.

189 3983 300 4075 Quid
327 3985 492 4060 tardas?
522 3986 660 4059 animo
690 3983 788 4083 quid
816 3981 970 4057 volvis?
999 3981 1162 4081 perdita
1189 3981 1334 4072 nescis,

300 4090 420 4181 Quod
448 4116 532 4166 non
559 4098 830 4182 revertantur,
861 4092 994 4164 bona?

190 4198 318 4276 Utere
346 4224 469 4292 nunc,
500 4200 597 4273 dum
627 4206 747 4297 grata
775 4221 904 4295 genas
928 4219 1023 4269 rosa
1050 4194 1187 4294 pingit
1215 4202 1258 4268 et
1286 4217 1366 4285 ora,

298 4305 446 4405 Frigus
474 4305 712 4406 priusquam
741 4303 928 4378 senseris.

191 4412 470 4488 Abscondunt
496 4415 634 4514 plures
663 4411 777 4486 oanis
805 4413 879 4485 suh
910 4409 1089 4483 crinibus
1118 4412 1229 4482 astra

299 4520 465 4596 Poenas
495 4527 537 4594 et
565 4543 784 4594 aerumnas
812 4541 970 4617 graves,
1384 4562 1410 4602 se
