3164 5154
706 221 911 278 SILVARUM

380 424 443 498 Tu
471 431 613 499 tamen
641 421 776 521 poscis
804 420 964 495 validus
993 420 1125 495 videri

379 531 467 606 Nec
494 529 571 605 tibi
598 530 728 603 letum
755 553 927 628 propere
956 527 1175 604 imminere

381 636 523 713 Credis
552 661 602 711 ac
631 637 742 711 vitae
772 637 952 734 spatium
979 634 1133 710 intueri

485 743 670 843 Longius
700 749 830 842 optas.

379 902 553 978 Martiae
582 904 734 978 multos
762 902 930 1001 rapiunt
959 902 1184 996 Oalendae3

378 1009 533 1084 Mensis
561 1010 630 1085 hic
660 1012 801 1085 crebro
831 1008 996 1084 senibus
1025 1010 1224 1109 periclum

379 1118 555 1193 Nuntiat
581 1143 670 1207 nec,
703 1117 771 1216 qui
800 1116 994 1215 sequitur,
1024 1124 1190 1192 recusat

487 1224 638 1299 Tristia
664 1223 762 1299 fata.

378 1385 488 1459 Hinc
518 1409 676 1458 mernor
705 1384 808 1458 caeli
836 1382 949 1457 vitiis
978 1384 1153 1458 vetustis

378 1491 529 1565 Libera
557 1498 739 1565 mentem
769 1497 892 1590 atque
921 1489 1106 1563 animum
1134 1515 1281 1590 repone

379 1599 428 1672 In
457 1605 623 1686 statum,
653 1623 733 1696 quo
763 1605 804 1671 te
834 1597 976 1697 cupias
1005 1595 1118 1671 abire

485 1707 619 1780 Morte
648 1705 838 1779 solutum.

378 1865 453 1939 Est
480 1865 560 1939 iter
588 1865 759 1964 duplex:
791 1863 968 1963 Superos
997 1863 1159 1938 adimus

378 1972 460 2045 Per
486 1971 596 2046 viam
627 1973 782 2062 duram,
811 1970 1014 2062 lacrimas,
1046 1971 1215 2060 labores

379 2077 511 2153 Laeta
539 2080 611 2153 sed
639 2080 809 2154 tandem
839 2078 1005 2176 Stygias
1035 2078 1088 2152 ad
1116 2080 1276 2153 umbras

486 2186 616 2260 Ducit
643 2184 808 2260 inertes,
1377 2229 1394 2267 a

757 2679 858 2745 XIX.

284 2876 446 2952 VITAE
475 2876 544 2951 ET
572 2877 891 2954 NUMMORUM
920 2875 1253 2954 DESIDERIUM
1279 2875 1329 2952 lN

684 3001 919 3078 SENIBUS.

378 3214 622 3305 Quindecim
649 3215 787 3289 lustris
817 3214 952 3289 senior
979 3216 1168 3314 peractis,
1268 3231 1312 3286 rol.
1329 3227 1388 3284 rur

377 3322 582 3397 Dentibus
611 3321 744 3412 nullis,
774 3322 905 3397 niveis
934 3321 1105 3421 capillis,

376 3430 559 3503 Artubus
587 3427 739 3519 fractis,
769 3429 909 3503 hebeti
936 3429 1154 3527 Lycander

481 3535 658 3610 Lumine
688 3536 810 3632 degit.
1389 3580 1397 3617 ι

376 3694 468 3769 Non
496 3696 665 3794 placent
694 3696 834 3769 dulces
865 3696 1019 3795 epulae,
1048 3696 1198 3795 cupido

374 3802 543 3876 Massici
571 3828 795 3902 numquam
826 3810 898 3876 aut
924 3803 1072 3877 veteris
1103 3804 1265 3878 Falerni

374 3908 460 3982 Neo
488 3910 590 3983 fides
620 3935 737 3984 aures
767 3917 986 3985 resonante
1016 3911 1200 3985 mulcent

481 4016 653 4091 Pectine
682 4017 826 4091 laesas.

375 4175 467 4250 Una
498 4177 569 4249 sed
597 4202 789 4251 nummos
818 4203 1033 4251 numerare
1064 4203 1181 4252 cura:

374 4282 526 4380 Implet
552 4283 616 4356 his
646 4308 761 4357 arcas
789 4309 970 4359 reserare
999 4293 1138 4359 suetus

375 4389 568 4464 Clavibus
600 4398 765 4467 centum
796 4391 943 4466 rutilae
974 4396 1096 4467 beata

482 4498 655 4571 Munera
683 4523 821 4595 gazae.
