3164 5154
480 280 553 338 LIB.
573 281 625 335 XI.
646 284 759 337 12-14.

188 481 343 581 Spiritu
371 482 518 580 plenus
546 480 701 557 retudit
728 485 925 582 superbos

188 589 332 664 Gentis
360 589 576 663 Hebraeae
605 589 846 688 domuitque
872 588 1018 666 fastus:

186 695 287 770 Inde
315 695 429 771 verbi
456 720 530 796 per
557 697 731 796 populos
760 703 802 772 et
828 698 949 772 urbes

292 801 461 878 Semina
489 804 650 903 sparsit.
1213 857 1239 897 20

184 963 317 1038 Multa
342 987 581 1062 perpessum
608 963 792 1039 violenta
818 988 1042 1062 numquam

184 1070 336 1168 Flagra
362 1072 584 1162 terrebant,
613 1070 751 1170 pelagi
778 1096 856 1146 nec
883 1071 995 1147 unda

185 1178 297 1251 Trux
323 1200 401 1253 nec
429 1177 623 1253 instantis
650 1177 778 1253 facies
806 1178 982 1276 tyraimi‚

292 1283 425 1360 Saeva
452 1285 517 1359 vel
547 1308 671 1364 arma.

186 1443 333 1520 Stabat
360 1444 555 1519 immotus
582 1445 697 1520 velut
725 1444 929 1519 aestuanti

184 1550 234 1624 In
260 1551 364 1625 mari
391 1575 511 1650 rupes
541 1550 742 1650 Superum
770 1549 927 1627 favore:

184 1657 364 1733 Fortiter
392 1665 553 1733 certans
582 1658 732 1733 meruit
760 1683 956 1733 coronam

288 1765 422 1840 Morte
449 1790 684 1865 perennem.

361 2563 538 2639 PRAVA
567 2561 843 2640 SOCIETAS.

181 2777 293 2868 Quos
321 2801 399 2874 ego
428 2782 564 2852 motus
592 2776 714 2851 hodie
742 2775 888 2850 ciebo?
1085 2789 1134 2845 fol.
1149 2789 1219 2846 181¹·

182 2884 272 2973 Quo
301 2884 427 2982 pedes
454 2889 630 2981 vergent
657 2881 814 2958 oriente
842 2883 960 2957 luce?

181 2991 314 3082 Quam
341 2990 451 3065 viam
481 2995 664 3089 carpent,
694 2989 805 3064 vitiis
833 2994 1035 3064 remotam

287 3097 382 3174 Sive
409 3096 707 3197 propinquam?
1218 3147 1231 3186 4

181 3255 357 3332 Abstine
384 3257 521 3356 pravis
549 3257 683 3347 sociis,
711 3262 883 3357 nepotes

181 3364 370 3439 Perditos
397 3365 495 3455 vita,
523 3364 681 3439 Bromii
710 3364 895 3439 clientes:

181 3469 402 3546 Adfricant
428 3472 564 3546 labem
591 3470 722 3546 niveis
751 3471 881 3570 iniqui

285 3578 467 3653 Moribus
496 3579 646 3653 hostes.

180 3738 260 3828 Qui
287 3737 423 3836 picem
452 3739 588 3836 tangit
615 3738 722 3812 male
751 3736 945 3826 curiosus

177 3845 374 3944 Inquinat
401 3870 460 3919 se:
489 3845 558 3944 qui
585 3844 742 3919 facibus
770 3843 947 3943 perustis

178 3952 376 4028 Credulus
405 3951 506 4042 fidit,
536 3952 796 4050 chlamydem
826 3951 991 4024 dolosus

282 4060 468 4135 Devorat
495 4059 613 4157 ignis.

176 4219 424 4294 Maenadum
453 4219 524 4317 qui
552 4243 595 4292 se
624 4217 787 4317 sapiens
816 4217 977 4292 cohorti

175 4323 328 4425 Iungit‚
357 4325 512 4401 insanit
540 4323 662 4400 simili
688 4323 836 4399 furore:

178 4432 317 4508 Currit
341 4432 384 4506 in
412 4433 545 4523 silvas,
576 4433 756 4508 celebrat
783 4430 945 4506 licentis

284 4539 410 4638 Orgia
436 4539 603 4616 Bacchi.
