3164 5154
636 248 710 303 LlB.
729 248 752 302 1.
771 248 887 304 27-29.

113 451 281 528 Extollo
322 449 513 541 studium,
552 473 725 524 veneror
762 446 946 523 sublimis
984 472 1169 536 acumen,

225 556 390 655 Ingenii
427 562 500 631 tua
536 555 705 632 foedera
741 554 877 645 miror,

113 663 223 739 Cum
261 663 390 738 Musis
429 687 534 762 quae
572 661 756 752 sanxisti,
794 686 848 736 ne
886 685 992 736 cana
1027 667 1217 736 senectus

225 770 400 869 Optatos
438 769 651 845 divelleret
687 769 815 868 ignes.
1373 815 1386 854 ⁸

114 876 290 953 Suavior
329 903 383 968 es,
424 877 520 951 dum
554 876 662 952 orbis
692 874 889 952 Germani
926 874 1117 951 incendia
1154 874 1278 950 defles

224 982 359 1073 Quam
395 983 574 1083 Lalages
614 984 710 1057 dum
750 983 894 1058 ardore
931 980 1104 1082 peribas.

113 1090 332 1165 Pulchrior
369 1096 416 1164 ut
452 1089 560 1181 solis,
600 1090 698 1164 dum
736 1088 933 1181 abscedit,
974 1090 1141 1164 flamma
1177 1090 1343 1180 relucet,

224 1196 291 1272 Sic
328 1204 411 1287 tua,
451 1198 583 1289 eredo,
622 1195 756 1296 gloria
791 1195 934 1295 fulget.
1360 1241 1384 1281 n

112 1301 251 1379 Instat
282 1304 393 1378 enim
432 1303 544 1404 (quid
565 1301 842 1403 dissimulesl)
881 1302 957 1377 tibi
995 1301 1193 1378 terminus
1231 1301 1343 1397 aevi;

221 1410 315 1485 Non
353 1412 490 1510 plures
525 1417 651 1511 caput
688 1411 834 1486 asserit
871 1435 1001 1486 annos

111 1516 203 1591 Iam
240 1517 430 1610 niveum3
471 1543 600 1615 cyeno
640 1516 835 1592 candenti
874 1525 937 1593 est
974 1518 1136 1593 aemula
1172 1519 1301 1592 barba

223 1624 275 1697 Et
313 1626 430 1699 tardo
469 1624 609 1725 pulsas
647 1624 752 1724 pede
789 1632 951 1700 terram.
1359 1664 1385 1704 n

111 1728 174 1805 At
211 1755 298 1806 non
335 1731 627 1831 Melpomenen
664 1730 742 1806 tibi
780 1731 833 1807 sit
869 1733 1033 1832 placare
1070 1732 1260 1830 voluptas

219 1837 257 1911 N
260 1862 307 1911 ee
334 1837 487 1913 blanda
524 1838 693 1914 crinitus
730 1837 880 1939 Apollo

109 1943 227 2020 Voce
266 1943 503 2043 fatigandus
540 1945 770 2044 fidibusque
808 1946 861 2020 ad
897 1954 996 2024 vota
1033 1947 1220 2021 ciendus:

221 2051 374 2126 Iessaei
412 2060 454 2126 te
490 2052 649 2151 plectra
686 2076 837 2128 sonora
1356 2090 1383 2130 20

111 2157 336 2233 Deleetent
372 2157 509 2257 potius
546 2158 664 2250 vatio,
704 2159 773 2258 qui
810 2159 977 2236 numine
1014 2163 1159 2262 plenus

224 2263 402 2340 Caelesti
440 2265 617 2342 deducat
650 2267 702 2340 ad
740 2273 860 2358 astra,

110 2370 225 2445 Dum
266 2377 411 2446 cantat
446 2373 645 2447 mundum
683 2373 819 2448 Patris
856 2374 1007 2450 virtute
1045 2383 1226 2451 creatum

221 2476 404 2569 Aeterni,
443 2479 641 2555 miracula
677 2488 818 2556 narrat
1356 2516 1382 2556 a

111 2584 163 2658 ln
202 2584 399 2660 Pharium
436 2610 577 2684 regem
613 2587 767 2688 populo
806 2594 1036 2665 monstrata
1071 2589 1183 2663 fideli

223 2689 365 2790 Atque
397 2693 615 2770 Hebraeae
650 2693 810 2793 proelia
845 2694 993 2793 gentis

109 2795 218 2872 Cum
256 2804 408 2874 terram
447 2799 557 2900 oepit
588 2800 832 2900 promissam
872 2810 914 2877 et
945 2802 1129 2877 eondidit
1161 2829 1274 2879 arces

218 2903 356 3003 Atque
393 2905 580 3005 ingentia
617 2908 773 3006 templa
810 2907 956 2983 Sionis.

108 3008 166 3083 Hi
203 3010 280 3085 tibi
316 3012 517 3106 versiculi,
557 3013 640 3089 sint
675 3013 755 3089 ista
792 3020 987 3114 poemata
1023 3015 1135 3091 cordi

218 3116 381 3194 Paucos
418 3127 513 3219 post
550 3144 679 3196 annos
720 3121 928 3196 moriture.

690 3741 831 3805 XXIX.

176 3969 252 4046 AD
281 3971 554 4051 FLACCUM:
583 3974 819 4052 AMOREM
849 3975 981 4053 VlNO
1010 3976 1127 4054 NON
1155 3978 1191 4053 T
1194 3977 1325 4055 OLLI.

272 4167 406 4243 Ardes
444 4169 606 4261 calenti,
644 4171 804 4260 Flaooe,
844 4171 1035 4270 cupidine
1227 4187 1278 4244 fol.
1300 4187 1371 4244 12*-

272 4275 417 4351 Dulcis
450 4275 645 4368 Neaerae,
684 4277 838 4353 lumine
866 4304 943 4353 neo
972 4279 1070 4356 satis

326 4383 386 4458 Te
423 4383 591 4482 respic-it
627 4383 736 4459 feliri
774 4384 972 4485 Olympus

380 4490 432 4564 Et
469 4490 637 4564 dubium
676 4491 825 4568 metuis
862 4491 1051 4570 furorem.
1365 4517 1379 4556 ⁴
