3164 5154
699 222 902 280 SILVARUM

325 423 434 498 Iram
464 422 562 522 quid
590 446 826 513 memorem,
858 420 1082 496 sollicitum
1111 429 1287 514 metum,

324 532 530 607 Maerores
560 528 717 620 dubios,
746 528 906 602 lubrica
932 529 1096 626 gaudia,

380 636 479 729 Quis
507 661 623 711 mens
652 660 777 734 aegra
805 635 968 710 iacebat

432 743 558 818 Tristi
586 742 775 844 proxima
802 741 963 816 funeri?

325 905 444 978 Nunc
471 902 606 1002 plagis
634 901 793 977 miseris
822 901 1058 977 admonitus
1087 909 1224 977 ratem

325 1012 453 1086 Retro
483 1016 599 1084 verto
628 1034 774 1101 meam,
806 1012 977 1084 carbasa
1006 1008 1172 1108 collige,

380 1118 538 1195 Ventos
566 1116 707 1214 linquo
736 1116 931 1206 minacem

431 1224 604 1298 Portum
631 1222 791 1298 fortiter
820 1247 989 1321 occupo.

325 1381 394 1458 Ad
421 1388 463 1458 te
491 1384 616 1459 tendo
646 1407 825 1472 manum,
856 1408 1015 1457 summa
1043 1383 1246 1483 potentia,

325 1491 387 1565 Ne
417 1514 482 1564 me
512 1490 724 1583 destituere,
754 1497 796 1564 te
824 1514 937 1589 rcgc,
968 1490 1222 1591 supplicem:

379 1597 431 1670 Ni
459 1622 525 1671 me
553 1597 689 1694 gratia
718 1597 855 1687 ducat,

432 1704 526 1779 Non
553 1703 638 1779 vito
668 1728 781 1779 mare
809 1703 1031 1778 turbidum.

326 1862 558 1938 Offendisse
588 1863 710 1938 deum
741 1888 863 1962 quam
891 1863 1022 1962 pudet
1049 1864 1272 1964 optimum!

326 1971 435 2045 Heu!
464 1970 606 2045 malim
634 1969 770 2070 potius
798 1970 911 2045 mille
939 1995 1063 2046 neces
1092 1971 1181 2072 pati

382 2077 514 2167 Quam
544 2076 802 2153 committere
831 2079 1006 2176 culpam,

430 2183 628 2282 Demergi
657 2183 801 2282 Stygio
835 2185 945 2259 lacu!

766 2783 844 2846 XV.

446 2998 719 3076 SOLITUDO
748 2998 959 3077 STUDIIS
988 2997 1173 3075 AMICA.

327 3211 410 3286 Cur
439 3211 567 3286 antris
596 3211 781 3287 habitem
810 3213 920 3286 solus
949 3210 993 3285 in
1021 3210 1185 3303 abditis,
1278 3226 1329 3282 fol.
1347 3226 1410 3281 123¹·

331 3319 525 3393 Delecter
553 3318 732 3393 tenebris
763 3326 805 3392 et
831 3343 1047 3393 nemorum
1076 3343 1213 3416 specu,

328 3425 410 3500 Vix
438 3424 551 3524 plebi
578 3424 729 3517 videar,
759 3425 1011 3525 principibus
1040 3426 1186 3518 minue,

434 3531 568 3630 Angit
596 3537 638 3607 te
668 3532 814 3606 dubius
843 3533 986 3608 labor?

328 3691 436 3780 Quid
465 3692 632 3766 dicam?
663 3691 818 3766 Studiis
848 3699 966 3766 sueta
994 3691 1178 3767 virilibus

326 3798 444 3873 Mens
473 3800 614 3873 horret
641 3799 784 3897 populi
810 3798 954 3874 nubila
981 3798 1121 3873 taedia

327 3904 414 3981 Nec
443 3905 550 3979 fictis
579 3930 797 4004 procerum
826 3905 981 4004 gaudet
1008 3904 1232 3980 honoribus

433 4012 520 4087 Nec
550 4020 765 4113 quaestum
794 4011 901 4112 petit
929 4017 1002 4086 aut
1030 4036 1141 4111 opes,

326 4172 552 4246 Doctarum
579 4172 717 4270 potius
745 4172 929 4271 praemia
955 4170 1152 4247 frontium

327 4279 485 4352 Laurus
515 4278 712 4353 sollicitat
739 4279 805 4353 vel
831 4278 943 4353 furor
971 4278 1129 4367 incitat,

327 4386 384 4462 Ut
411 4385 573 4459 blandis
603 4386 742 4484 cupiat
769 4386 932 4461 vatibus
961 4384 1085 4459 inseri

434 4494 486 4566 Et
515 4491 623 4566 dulci
652 4492 832 4591 elloquio
863 4491 953 4568 frui.
