3164 5154
610 239 690 296 1-2·
1226 248 1288 307 115

117 439 194 516 Cui
223 463 361 537 genua
389 438 564 538 supplex
594 436 800 512 Caelitum
830 445 974 512 curvat
1001 440 1147 513 cohors

224 546 289 621 Ao
316 545 425 620 flexo
455 545 602 620 adorat
629 543 799 644 poplite,

118 654 250 746 Quem
277 653 414 728 victus
442 649 638 726 Acheron
665 651 848 749 trepidat
874 650 1033 749 ingenti
1062 659 1184 742 metu,

223 760 278 834 Et
305 783 430 835 saeva
457 756 779 856 Phlegethontis
808 758 925 849 vada,
1252 813 1279 852 20

116 867 170 942 nt
199 866 266 942 oui
295 865 383 941 sine
411 865 495 939 ullo
524 865 702 939 termino
731 864 950 962 imperium
980 864 1094 939 dedit

222 971 429 1048 Aetemus
458 979 626 1047 aeterno
656 971 793 1063 Pater,

119 1081 199 1171 En,
230 1079 428 1154 delicate!
458 1086 506 1153 ut
534 1077 724 1153 omnibus
752 1076 948 1152 membris
973 1077 1077 1168 fluit,

225 1184 475 1286 Conspergit
503 1191 546 1259 et
574 1186 708 1260 solum
737 1191 875 1260 cruor!
1254 1238 1280 1277 21

119 1292 199 1383 Qui
226 1317 318 1367 rore
347 1299 520 1391 segetes,
550 1290 750 1366 imbribus
780 1314 947 1390 campos
975 1289 1096 1389 rigat,

226 1399 340 1488 Quot
367 1398 580 1497 sanguinis
610 1403 748 1496 guttas
776 1398 930 1473 habet?

119 1505 282 1605 Sceptri
298 1505 441 1598 vicem,
469 1507 542 1580 ah!
572 1504 816 1579 anmdinem
833 1502 1013 1605 praefert
1029 1530 1188 1597 manus,

225 1613 496 1711 Genuamque
523 1636 597 1686 rex
623 1636 770 1710 regum
798 1611 917 1709 gerit.
1255 1664 1282 1704 „⁸

117 1720 181 1794 En
208 1719 465 1794 vinculorum
493 1718 669 1792 nexibus
699 1724 866 1816 captum
895 1717 1025 1794 trahit

225 1826 391 1901 Effrena
417 1824 553 1900 rabies
582 1824 773 1899 militum.

120 1930 201 2021 Qui
229 1932 410 2007 sidemm
439 1934 571 2024 orbes,
603 1931 673 2030 qui
701 1931 843 2032 polum
870 1938 976 2006 nutu
1003 1937 1116 2007 rotat

225 2040 281 2114 Et
307 2047 429 2129 astra,
461 2064 541 2138 quo
571 2038 683 2130 libet,
710 2045 870 2122 movet;
1258 2088 1284 2127 32

120 2143 200 2235 Qui
229 2146 314 2221 tela
341 2145 473 2221 mittit
499 2144 625 2243 ignea
654 2150 697 2219 et
722 2152 875 2220 terram
904 2170 977 2220 sua

225 2252 259 2325 Ε
289 2252 385 2327 sedo
412 2252 573 2326 vulsam
602 2251 813 2344 concutit3

120 2357 200 2449 Qui
228 2365 345 2434 muta
374 2358 497 2433 solvit
526 2382 609 2451 ora,
639 2357 710 2457 qui
738 2382 886 2432 vocem
913 2358 1029 2458 ligat,

228 2464 309 2555 Qui
337 2465 495 2540 claudit
522 2471 566 2540 et
592 2471 750 2540 reserat
779 2463 911 2539 diem:
1259 2517 1286 2557 a

120 2569 200 2657 Ah,
234 2577 455 2657 contuere;
483 2571 550 2646 cui
577 2577 719 2646 tamen
747 2570 923 2646 similem
951 2576 1097 2671 putas?

226 2675 297 2752 An
325 2676 478 2778 aspicis
508 2677 690 2778 speciem
718 2677 825 2751 viri?

121 2782 255 2874 Quem
274 2808 434 2859 summa
448 2783 724 2884 pulchritudo,
746 2808 869 2883 quem
890 2784 1046 2860 clarum
1060 2785 1189 2878 iubar,

229 2889 383 2967 Omnes
411 2892 618 2966 edomant
645 2891 816 2989 gratiae,

121 2994 161 3071 A
193 3022 273 3096 quo
303 2998 482 3074 nitorem
512 3003 666 3073 cuncta
695 2997 886 3073 derivant
913 3024 1033 3074 suum

228 3104 282 3178 Et
309 3105 486 3203 gloriam
514 3112 730 3204 acceptam
759 3103 908 3198 ferunt,

125 3210 158 3286 Ο
188 3235 288 3308 rege
317 3212 481 3311 pudeat,
508 3212 664 3312 pudeat
693 3211 812 3286 illuso
842 3211 919 3287 deo

229 3316 406 3416 Fulgere
437 3317 552 3393 cultu
580 3318 734 3393 serico!

122 3421 298 3522 Depone
325 3422 491 3516 fastum,
521 3449 631 3525 pone
660 3424 883 3500 Serranam
911 3424 1067 3524 procul,

234 3527 354 3606 Orbis
384 3534 571 3631 superbe,
600 3556 845 3631 purpuram;

125 3633 332 3712 Submitte
360 3636 506 3730 fascea,
537 3662 639 3713 exuo
667 3643 855 3712 auratam
883 3644 1027 3736 togam

232 3744 285 3819 Et
311 3743 452 3843 regiae
479 3742 625 3819 frontis
654 3745 801 3837 decus;

127 3845 255 3925 Calca
282 3851 446 3951 lapillos
474 3851 609 3927 Indici
638 3851 816 3950 spolium
843 3849 968 3925 maris

236 3958 289 4032 Et
317 3983 464 4057 sperne
492 3957 678 4034 funestas
708 3982 821 4058 opes:

126 4062 319 4160 Lugente
349 4089 418 4140 ero
447 4065 630 4163 gaudere
658 4088 819 4139 servum
848 4086 933 4137 non
963 4062 1094 4154 decet,

237 4169 408 4247 Plorare
428 4178 591 4248 tantum
622 4170 829 4247 convenit.
1263 4219 1289 4258 a
