3164 5154
686 218 894 275 SILVARUM

707 433 882 500 XXXIII.

543 575 777 655 PECCATI
805 577 1044 656 HORROR.

313 740 539 815 Peccatum
566 738 694 815 timeo
722 737 893 814 fulmine
922 738 1091 832 saevius,
1288 757 1399 814 111151·

312 848 559 947 Serpentum
589 845 733 945 Stygio
761 846 907 921 tetrius
937 846 1116 946 agmine,

311 954 462 1051 Plagis,
490 953 728 1028 vulneribus
755 953 873 1052 peius
902 954 1122 1041 atrocibus,

418 1060 522 1135 Leto
551 1059 834 1160 perniciosius.

311 1221 403 1296 Hoc
437 1219 541 1296 caeli
569 1218 699 1317 recipi
728 1219 891 1295 sedibus
920 1219 1053 1296 aureis

310 1330 363 1402 Et
391 1327 565 1402 lustrare
595 1326 723 1401 oculis
752 1351 944 1424 gemmea
971 1327 1137 1402 moenia

311 1435 578 1536 Aspectuque
605 1431 684 1507 frui
714 1433 829 1534 (quid
856 1434 1051 1536 melius?)
1080 1434 1148 1510 dei

416 1542 610 1615 Errantes
639 1540 798 1616 animos
828 1548 955 1617 vetat.

313 1700 480 1776 Alcides
511 1698 671 1775 domuit
698 1706 883 1776 monstra
911 1700 1076 1792 ferocia,

312 1809 508 1909 Hydram,
540 1808 785 1905 Geryonem,
815 1808 1090 1906 tergeminum
1117 1833 1273 1900 canem,

311 1916 521 1993 Antaeum
549 1915 700 2013 Libyes
729 1914 953 1989 terrificum
981 1914 1109 2006 nesae,

417 2022 592 2097 Pacavit
618 2047 763 2097 nemus
792 2021 1028 2097 Arcadum:
1390 2078 1411 2117 „

312 2181 505 2280 Quisquis
533 2180 772 2279 pestiferam
801 2181 949 2257 vicerit
975 2183 1083 2257 hanc
1111 2183 1233 2267 luem,

311 2287 445 2363 Fortis
474 2287 607 2362 maior
635 2288 712 2362 erit
739 2289 894 2364 viribus
923 2289 1125 2380 Herculis,

312 2396 478 2470 Sternet
507 2394 764 2494 Tisiphonen
792 2403 915 2495 atque
944 2397 1066 2472 Erebi
1094 2396 1229 2471 mines

418 2501 575 2577 Sancto
605 2504 750 2577 robore
779 2505 958 2578 subruet.

312 2663 345 2737 O
375 2659 470 2754 divi,
501 2660 702 2736 scelerum
731 2661 856 2737 noxia
884 2662 938 2738 sit
964 2664 1108 2763 procul

310 2769 469 2844 Nostris
498 2769 744 2868 pectoribus.
800 2770 869 2844 Me
896 2770 1041 2868 pietas,
1072 2771 1175 2846 fides

310 2875 448 2975 Atque
477 2878 656 2952 Astraea
682 2881 809 2974 regat.
865 2876 934 2951 Sic
961 2884 1145 2953 metuam
1172 2880 1288 2968 nihil,

416 2982 505 3058 Etsi
534 2983 711 3057 mundus
739 2983 962 3059 inhorreat.

704 3390 874 3456 XXXIV.

349 3532 390 3609 S.
419 3534 669 3611 BARBARA
697 3535 866 3613 VIRGO
895 3535 965 3612 ET
993 3536 1232 3614 MARTYR.

310 3691 459 3769 Castae
488 3693 649 3793 puellae
679 3695 776 3770 dum
805 3694 989 3770 canimus
1019 3696 1155 3788 decus,
1284 3711 1336 3767 fol.
1355 3715 1407 3769 151·

308 3799 453 3898 Longe
481 3801 679 3876 recedant
708 3828 799 3876 cum
829 3803 987 3900 Satyris
1016 3803 1143 3903 capri:

362 3907 536 3981 Effrenis
566 3915 689 4007 atque
718 3911 855 3983 audax
883 3910 1011 3984 libido

416 4012 520 4088 Cum
548 4015 669 4090 niveo
699 4017 805 4090 male
835 4023 919 4092 stat
947 4017 1115 4116 pudore.

309 4173 399 4247 Non
427 4181 469 4249 te
496 4176 679 4273 parentis
710 4177 935 4252 blanditiae
962 4178 1142 4270 trahunt,

307 4280 401 4355 Non
428 4282 561 4380 flagra
587 4288 754 4373 terrent,
784 4309 867 4359 non
894 4284 1006 4382 rigor
1033 4294 1106 4360 aut
1132 4285 1290 4362 minae:

360 4388 539 4463 Irnrnota
567 4397 726 4488 perstas
754 4391 866 4490 rupis
895 4392 1035 4479 instar,

416 4493 550 4585 Quam
578 4498 716 4596 pelagi
746 4498 841 4573 ferit
869 4499 980 4573 unda
1010 4501 1164 4575 crebra.
