3164 5154
698 235 903 292 SILVARUM

319 440 432 512 Lene
464 462 569 537 quae
599 438 758 536 spirant
786 442 828 511 et
856 461 978 538 opem
1008 436 1250 511 ministrant

321 544 473 643 Sponsi
502 544 555 618 ad
583 545 797 644 amplexus
825 543 945 619 avide
973 543 1146 632 volanti,

322 653 378 728 Ut
405 651 486 726 iaci
515 651 648 750 possit
676 650 821 725 mediis
850 650 893 724 in
921 651 1043 725 undis

427 756 593 832 Ancora
619 760 747 831 firma.

323 917 459 991 *ludio
490 942 653 991 vocem:
683 941 907 1016 properare
936 925 1114 992 eertum:

324 1024 544 1099 Concitum
573 1049 736 1098 cursum
763 1023 867 1097 nihil
894 1023 1097 1124 impedire

323 1130 447 1205 Ausit
473 1131 698 1230 invisisque
726 1129 851 1205 moris
880 1131 1059 1205 amantis

428 1238 589 1312 Fallere
619 1261 750 1312 curas

324 1397 512 1470 Numinis
541 1397 624 1473 iam
654 1403 795 1496 specto
825 1421 953 1494 genas
982 1396 1198 1488 micantes,

324 1504 412 1577 lam
441 1503 559 1580 iubar
587 1503 734 1579 frontis
761 1501 927 1578 niveum
957 1528 1142 1579 serenae:

325 1609 478 1685 Sideris
506 1611 636 1686 vineit
662 1610 800 1685 radios
830 1609 975 1701 diurni,

431 1718 608 1794 Lumina
635 1717 779 1792 noetis.

327 1877 448 1951 Haud
476 1884 573 1976 peto
603 1886 779 1976 portum,
808 1885 931 1952 teneo
960 1902 1096 1951 meum
1130 1901 1213 1967 eor,

327 1983 493 2059 Gratior
520 1991 631 2058 terra
659 1984 784 2058 maris
812 1984 874 2058 ira
901 1984 1021 2058 moti:

325 2090 538 2166 Fluctibus
566 2091 698 2190 mergi
725 2091 851 2182 iuvat,
880 2091 1089 2166 aestuanti

432 2197 598 2272 Vertiee
627 2198 746 2272 volvi.

768 2815 800 2877 X
807 2813 848 2879 lI.

465 3030 615 3105 NlHlL
644 3029 844 3106 lMPETU
873 3029 1154 3109 AGENDUM.

329 3242 529 3318 Thracius
557 3252 674 3320 vates
703 3243 859 3343 Stygiis
888 3242 1073 3318 cavernis

330 3349 559 3450 Coniugem
590 3352 760 3451 quaerit,
792 3350 953 3426 cithara
980 3348 1162 3424 ferocem
1231 3381 1236 3391 ·

329 3458 479 3533 Plaoat
508 3466 549 3533 et
577 3459 729 3549 Ditem,
760 3457 957 3533 Lachesis
985 3455 1161 3531 renodat

437 3564 627 3641 Stamina
654 3574 787 3665 rupta.

331 3725 413 3801 Sed
441 3725 575 3818 nimis,
604 3752 657 3801 ne
685 3724 911 3824 respiceret
938 3723 1135 3798 recedens

330 3835 445 3907 Dura
472 3834 539 3908 lex
569 3841 632 3908 est
658 3833 758 3919 visa,
788 3857 902 3907 rosas
930 3855 1140 3930 genarum,

330 3941 552 4015 Luminum
584 3940 779 4015 blandum
807 3939 925 4014 iubar
951 3936 1102 4012 intueri

438 4047 587 4146 Coepit
615 4056 658 4123 et
687 4072 768 4122 ora.

333 4210 463 4298 Quem
493 4209 568 4284 tibi
597 4210 756 4283 luctum
784 4206 890 4280 feret
917 4204 1039 4279 ardor
1066 4202 1156 4292 iste,

331 4319 441 4391 Dum
471 4314 584 4392 brevi
613 4315 774 4388 dulcem
805 4312 997 4387 cohibere
1025 4308 1162 4383 nescis

332 4424 546 4524 Temporis
574 4422 786 4498 flammam
816 4419 963 4519 spatio,
994 4417 1138 4492 doloso

438 4530 551 4605 Fidis
580 4529 738 4603 amori?
