3164 5154
711 247 928 302 CARMINUM

390 448 572 523 Foedam
601 453 795 521 venustas
823 445 934 519 haud
969 445 1146 519 maciem
1177 446 1302 520 decet

391 556 611 654 Vilemque
639 577 824 652 pannum
851 577 937 626 non
965 552 1114 649 Tyrius
1143 552 1271 626 color:

445 662 683 760 Iunguntur
710 666 798 734 arto
827 659 965 733 vincla
992 659 1115 747 node,

496 767 610 858 Quae
638 766 805 865 paribus
835 766 969 840 coiere
998 765 1143 840 causis.
1432 819 1442 857 ⁸

391 908 530 982 Multis
559 908 738 982 ferocem
767 907 1003 981 muneribus
1034 908 1193 981 domas:

390 1016 449 1090 At
477 1015 690 1089 credulum
719 1022 812 1089 astu
840 1013 1026 1112 virgineo
1056 1021 1181 1112 caput

444 1121 615 1196 Deludit
643 1127 768 1219 atque
798 1127 995 1220 expectat
1022 1144 1181 1195 aurum:

496 1226 708 1326 Aufugiet,
737 1226 817 1301 nisi
846 1229 956 1302 dona
984 1251 1163 1325 spargas.
1418 1279 1440 1317 ,2

390 1371 518 1444 Vultu
548 1395 689 1445 severo
718 1369 849 1444 tristis
877 1369 1009 1443 hiems
1038 1369 1146 1467 riget

389 1478 443 1551 Et
469 1477 588 1575 plura
616 1477 778 1551 stillant
803 1476 976 1550 flumina
1003 1477 1170 1551 naribus

445 1583 577 1671 Quam
605 1582 756 1682 frigida
785 1583 835 1657 de
864 1608 965 1681 rupe
994 1583 1118 1657 Tauri

496 1689 724 1788 Praecipiti
752 1690 876 1764 cadat
903 1690 1016 1762 unda
1044 1690 1174 1788 lapsu,
1417 1741 1440 1781 „3

392 1830 496 1904 Cum
525 1829 806 1919 solviturum,
837 1855 931 1904 cum
959 1829 1138 1928 glaciem
1167 1829 1279 1904 calor

391 1937 498 2014 Solis
526 1939 697 2013 relaxat.
754 1936 863 2011 Lilia
892 1961 985 2011 cum
1014 1936 1118 2011 rosis

443 2044 617 2119 Aestate
647 2051 850 2135 crescunt,
881 2043 1104 2118 saevientis

496 2152 590 2226 Non
617 2153 797 2226 tolerant
824 2149 1043 2248 Aquilonis
1072 2151 1189 2224 iram:
1417 2202 1442 2240 ,ο

390 2294 519 2391 Virgo
549 2301 763 2368 senectam
793 2292 852 2365 sic
880 2292 1029 2366 metuit
1056 2301 1180 2382 tuam,

390 2400 591 2474 Nummos
619 2399 810 2498 reposcit.
844 2399 1072 2473 Consilium
1102 2424 1217 2497 cape:

444 2507 532 2581 Aut
559 2533 669 2607 pone
699 2532 840 2581 curam
871 2505 1146 2580 insanientem

498 2613 586 2687 Aut
612 2613 763 2687 virides
793 2612 1013 2686 iuvenesce
1041 2612 1085 2685 in
1114 2637 1256 2686 annos
1420 2664 1444 2702 n

797 2965 841 3027 X.

285 3108 578 3186 ENCOMIUM
608 3110 647 3186 S.
678 3109 900 3185 lOANNlS
930 3107 1355 3185 EVANGELISTAE.

392 3250 581 3326 Siderum
610 3251 815 3350 splendor,
846 3251 970 3325 decus
999 3275 1048 3325 ac
1076 3251 1267 3349 voluptas
1332 3264 1384 3320 fol.
1402 3268 1438 3319 u·

391 3357 548 3454 Regiae
579 3358 698 3447 caeli,
728 3358 996 3431 memorande
1025 3357 1231 3456 princepe,

391 3465 502 3554 Iane,
534 3489 614 3562 quo
643 3465 814 3539 tandem
844 3466 1047 3538 celebrem
1078 3463 1308 3539 eminentes

500 3570 693 3645 Carmine
722 3572 862 3645 dotes?

391 3713 554 3786 Numen
583 3712 786 3787 abstraxit
813 3712 1005 3787 iuvenem
1034 3712 1221 3787 vocando

392 3818 511 3893 Orbis
541 3845 566 3893 a
593 3820 768 3919 pompis,
799 3820 984 3894 animum
1014 3819 1283 3895 innocentem

391 3926 510 3999 Noxa
537 3951 589 4000 ne
618 3933 761 4025 posset
788 3926 923 4024 gravis
952 3926 1180 4025 inquinare,

497 4033 683 4108 Laedere
714 4033 844 4133 culpa.

393 4175 568 4248 Pectore
597 4173 640 4246 in
671 4199 776 4249 cena
802 4178 977 4249 recubas
1007 4175 1185 4249 amantis

391 4282 443 4354 Et
466 4279 542 4355 tibi
572 4281 651 4354 soli
677 4280 795 4355 licuit
822 4285 945 4356 beato

391 4387 525 4461 Fonte
554 4387 691 4462 lucem
719 4388 885 4463 haurire
914 4388 1011 4487 poli,
1042 4389 1219 4462 latentes

498 4494 668 4569 Discere
699 4520 854 4570 causas.
