3164 5154
588 264 660 321 ΜΒ.
678 265 718 324 Π.
734 266 816 323 7-9.

273 463 334 539 Ne
360 461 459 539 foris
488 463 626 540 dicare
654 464 927 542 calumniator
955 512 958 517 -

273 570 426 646 Iudicis
453 571 623 672 pulsans
650 570 776 671 rigidi
804 572 995 649 tribunal.

272 677 446 770 Nemini,
474 677 639 755 virtutis
668 703 785 782 apex,
813 679 988 756 licenter

377 785 497 862 Velle
523 810 685 868 nocere.

619 1106 778 1115 ——.

667 1385 730 1453 IX.

344 1599 675 1679 ADFECTUUM
704 1601 1039 1681 MODERATIO.

267 1815 451 1912 Exsurge
479 1813 661 1905 tandem,
690 1838 800 1915 pone
827 1815 995 1892 modum
1022 1817 1104 1892 tuis
1190 1834 1239 1889 fol.
1258 1836 1311 1892 sr-

266 1918 529 2014 Adfectuum,
558 1944 686 2013 mens,
716 1920 946 1998 turbinibus
974 1923 1052 1999 deo

319 2028 494 2105 Victura
521 2027 695 2130 posthac
724 2036 767 2105 et
793 2053 936 2105 severa

373 2138 483 2235 Lege
511 2159 639 2233 vagos
668 2135 816 2212 cohibe
843 2137 1057 2213 tumultus.

265 2296 466 2397 Exempla
494 2296 650 2370 ducunt
678 2297 823 2372 crebra
850 2296 1066 2396 cupidinis,

264 2403 447 2480 Audacis
473 2402 559 2478 irae
586 2403 653 2477 vel
680 2401 782 2478 facis
808 2402 973 2505 impiae,

319 2509 515 2587 Vindicta
543 2510 641 2585 dum
668 2509 802 2586 laesos
830 2516 1026 2609 tyrannos

370 2616 552 2692 Assiduo
582 2616 769 2692 stimulat
793 2615 941 2692 furore.
1303 2675 1316 2716 ,

263 2778 355 2854 Non
383 2775 590 2877 perspicis,
621 2800 725 2875 quae
755 2776 997 2876 simplicitas
1023 2777 1152 2854 micet

263 2885 312 2960 ln
340 2884 476 2960 fronte
505 2884 633 2959 Turni
662 2883 878 2959 candidior
903 2883 1024 2960 nive?

316 2991 466 3067 Peiora
494 3016 566 3065 cm·
593 2997 755 3067 tantum
785 2991 1003 3067 aemularis

368 3097 507 3197 Atque
536 3097 664 3173 oculis
693 3098 865 3174 meliora
892 3099 1088 3175 sordent?

263 3258 370 3349 Quid
399 3259 513 3335 Zeno
544 3257 666 3350 dicat,
697 3258 795 3358 quid
823 3257 965 3335 iubeat
991 3259 1125 3349 Plato,

261 3365 429 3442 Nescire
457 3365 591 3464 fingis.
623 3364 730 3455 Quid
759 3364 952 3441 simulas?
980 3367 1135 3441 Tumor

315 3473 420 3549 Cum
445 3479 487 3547 te
515 3472 693 3562 lacessit,
724 3479 876 3548 cuncta
902 3473 1008 3548 fiunt

366 3579 549 3655 Arbitrio
578 3578 786 3680 popularis
814 3604 951 3654 aurae.

260 3740 352 3815 Non
381 3740 439 3816 sic
468 3745 651 3815 vetustas
682 3738 849 3815 enituit:
886 3737 987 3813 fides

260 3846 440 3938 Sincera,
472 3847 626 3923 candor
652 3845 830 3946 pectoris
859 3844 1011 3943 integri

311 3954 451 4054 Atque
470 3952 702 4030 innocentis
730 3952 855 4044 fulsit,
885 3952 1007 4027 ardor

364 4061 552 4137 Numinis
580 4059 753 4136 incoluit
779 4064 962 4159 pena-tes.

257 4220 464 4297 Virtutem
493 4245 671 4313 avorum,
698 4217 929 4321 posteritas,
959 4219 1067 4295 cole:

194 4382 200 4391 .
257 4326 415 4405 Horum
445 4335 617 4428 nepotes
647 4327 803 4403 afliciat
830 4327 949 4401 iubar

310 4435 378 4511 Ad
406 4436 581 4534 gloriam
611 4441 654 4508 et
680 4432 891 4534 praeclara
919 4432 1042 4523 sacta,

363 4541 431 4617 Ad
461 4543 583 4617 decus
612 4540 864 4641 eximiosque
893 4540 1079 4615 honores.

1157 4656 1213 4714 12*
