3164 5154
726 243 931 300 SILVARUII

348 445 532 520 Aureum
561 443 710 518 frustra
739 443 930 518 diadema
959 444 1090 519 iactet

348 552 520 627 Aulious
548 549 685 649 fulgor
713 549 932 648 Γ[5111111119
960 551 1121 626 lanam:

348 659 541 734 Nascitur
570 682 709 733 servus
738 657 881 732 similis
910 667 1099 755 tyranne,

456 765 601 839 Plorat
629 771 810 863 uterque.

348 924 544 1023 Dignitas
574 930 637 998 est
664 923 885 999 ambitiosa
913 924 1096 1016 flamma,

351 1031 466 1121 Quae
496 1030 638 1106 statim
667 1031 862 1121 vanescit,
892 1037 935 1106 et
962 1056 1064 1107 aura
1090 1030 1238 1108 fallax:

350 1138 486 1237 Stirpe
515 1137 679 1212 sublimi
708 1144 821 1213 satus
849 1137 958 1214 inter
986 1163 1080 1214 essa

455 1244 626 1319 Rustic-a
654 1245 842 1331 dormit

348 1404 450 1478 Inde
480 1403 662 1477 subduco
691 1427 785 1478 mea
813 1405 906 1479 vela
933 1411 1081 1504 ponto:

349 1509 502 1584 Tendit
530 1510 583 1584 ad
612 1515 747 1585 tutum
775 1510 960 1586 lacerata
987 1517 1153 1611 portum

348 1616 478 1690 Pinus
508 1621 550 1690 91
578 1616 688 1692 sistit
716 1618 925 1717 trepidum
956 1619 1097 1717 quleto

455 1722 597 1799 Litore
625 1749 800 1798 cursum.

350 1882 470 1958 Orbis
499 1907 655 1957 errores
683 1883 783 1959 licet
810 1883 876 1957 hic
905 1884 1044 1959 videre

349 1990 402 2065 Et
430 2014 567 2065 sacros
597 1989 736 2064 divum
765 2015 994 2066 memorare
1024 1991 1155 2067 fastos

351 2095 415 2172 Ae
445 2096 558 2172 faces
587 2105 774 2197 spectare
804 2098 888 2197 poli
925 2098 1098 2174 micanti

458 2202 601 2279 Sidera
629 2205 795 2278 munde.

780 2803 874 2868 VIII.

368 3017 667 3095 MATERNAE
695 3017 934 3096 LINGUAE
962 3016 1297 3096 NEGLECTUS.

351 3229 543 3306 Pluribus
571 3229 723 3329 linguis
753 3254 933 3330 operam,
963 3230 1139 3322 Melissa
1311 3247 1358 3299 fol.
1377 3245 1433 3300 111·

354 3337 548 3412 Sedulam
577 3344 784 3436 praestas:
816 3337 926 3438 quod
955 3335 1101 3428 Arabs,
1133 3338 1362 3431 Hebraeus,

353 3444 490 3536 Persa,
520 3440 763 3535 Chaldaeus,
793 3444 918 3543 Synus
947 3468 997 3519 ae
1026 3444 1232 3544 Pelasgus

462 3550 613 3641 Ganit,
644 3552 803 3626 aderas

352 3711 526 3786 Interim
556 3736 690 3785 sermo
720 3711 877 3810 patrius
905 3712 1047 3787 labore

352 3818 514 3915 Dignus
545 3824 609 3893 est
635 3818 777 3892 nullo?
808 3818 989 3893 studium
1017 3825 1211 3917 negatur,

353 3925 439 4001 Usa
468 3949 547 4023 quo
577 3932 712 4000 mater
739 3925 892 4000 teneris
920 3925 1083 4001 labellis

458 4030 584 4105 Basia
611 4031 726 4106 fixit?

353 4192 502 4281 Verba,
534 4214 638 4288 quae
667 4201 808 4268 tecum
837 4217 965 4292 prope
993 4199 1102 4282 nata,
1133 4202 1248 4269 uerte

354 4298 453 4387 Quis
482 4297 625 4396 primis
653 4299 767 4399 loqui
797 4298 978 4374 didicisti
1007 4302 1059 4373 ab
1090 4300 1225 4393 1111111,

355 4406 523 4504 Spernis
554 4409 596 4478 et
623 4404 806 4506 praefers
835 4405 1056 4508 peregrina
1082 4408 1240 4483 nostris

459 4513 586 4587 Diota
614 4515 679 4589 vel
709 4538 872 4611 aequas.
