3164 5154
700 1053 727 1120 Ι.

181 1249 440 1329 MORTALE
469 1249 649 1327 GENUS
678 1249 747 1324 AB
776 1249 995 1327 ERRORE
1023 1252 1079 1327 IN
1108 1251 1244 1327 VlAM

586 1371 838 1451 REDUCIT.

183 1585 216 1662 O
247 1585 343 1660 siste
373 1588 505 1677 turba,
536 1585 634 1661 siste
661 1584 871 1659 funestum
899 1587 1087 1685 gradum:
1206 1601 1255 1656 fol
1274 1603 1331 1659 49¹·

288 1692 445 1768 Fallaei
473 1695 639 1770 aberras
668 1692 849 1768 tramite.

181 1799 357 1875 Ineauta
386 1825 466 1899 quo
497 1808 538 1874 te
568 1798 759 1875 deferunt
786 1798 992 1898 vestigia?

287 1906 473 1991 Refleete
502 1930 686 2005 gressum
713 1906 928 1982 lubricum.
1330 1918 1372 2003 4·

180 2010 364 2104 Infamis,
394 2013 596 2113 impedita
623 2013 765 2087 multis
795 2020 858 2088 est
885 2012 999 2104 loeis,

290 2118 382 2209 Qua
411 2119 572 2220 quaeris
600 2119 672 2209 ire,
702 2120 860 2194 semita.

180 2226 284 2301 lllue
311 2226 469 2303 feroces
499 2252 592 2302 eum
621 2226 728 2326 lupis
755 2226 839 2300 ursi
867 2224 1050 2301 fremunt

287 2333 341 2409 Et
370 2358 413 2408 se
442 2335 583 2409 leones
613 2340 855 2432 aggregant.

182 2439 296 2538 Aper
324 2447 516 2515 eruentus
546 2441 670 2515 dente
697 2440 896 2515 fulmineo
924 2439 1010 2514 ruit

286 2547 341 2621 Et
368 2548 508 2623 omnia
535 2547 622 2622 ictu
649 2547 824 2646 proterit

180 2651 245 2728 Ac
275 2654 364 2728 dira
392 2654 538 2729 catulis
566 2655 686 2753 tigris
714 2652 866 2752 ereptis
893 2650 992 2727 furit

288 2761 535 2861 Gaudetque
562 2761 739 2860 raptoris
768 2784 882 2849 nece,

179 2866 265 2942 Iter
291 2892 451 2944 veneno
482 2867 646 2943 sibilum
676 2868 870 2943 attollens
901 2873 1029 2965 caput

285 2973 463 3050 Infestat
490 2982 610 3050 atrox
637 2974 787 3074 vipera.

178 3080 359 3180 Depieta
386 3081 550 3156 blandis
577 3081 746 3157 fioribus
774 3079 908 3178 fulget
935 3079 1015 3171 via,

285 3185 325 3262 A
353 3188 494 3263 limine
521 3188 592 3263 ubi
620 3213 763 3263 moves
790 3186 954 3286 pedem:
1317 3237 1343 3277 u

179 3293 239 3369 At
267 3295 440 3371 carduos
468 3295 736 3395 tribulosque,
765 3318 850 3368 non
876 3317 1003 3385 rosas,
1032 3300 1176 3383 metes,

286 3401 355 3476 Ad
381 3403 507 3477 finem
535 3403 607 3478 ubi
638 3400 864 3477 deveneris.

178 3508 231 3584 Et
260 3509 359 3607 quid
386 3509 588 3609 voluptas
619 3510 716 3608 quid
746 3506 890 3606 Cypris
919 3505 1087 3581 tandem
1117 3504 1233 3579 dabit

287 3613 420 3705 Quam
448 3616 598 3691 mentis
626 3614 954 3713 aegritudinem?
1316 3662 1343 3702 ,ο

177 3722 356 3822 Liquore
386 3721 496 3797 dulei
524 3722 710 3798 saeviens
739 3721 864 3796 Liber
890 3719 1017 3794 Pater

285 3829 396 3921 Quos
423 3853 508 3904 non
538 3829 699 3904 dolores
728 3826 925 3902 advehit?

177 3934 280 4011 Arte
311 3936 516 4036 expetitus
545 3936 729 4012 maxima
757 3940 799 4009 et
828 3931 975 4008 studiis
1003 3933 1138 4007 honor

287 4041 510 4143 Supremus
539 4043 581 4116 in
610 4066 811 4143 praeceps
840 4039 980 4114 trahit.

179 4146 287 4238 Quid
315 4176 430 4225 mens
460 4158 609 4225 onusta
636 4147 815 4224 Persicis
842 4145 980 4245 gazis?
1008 4144 1129 4220 timet

282 4257 337 4330 Et
365 4257 487 4332 sortis
516 4256 627 4332 haud
655 4256 808 4332 tolerat
834 4253 958 4328 uiues.

176 4364 331 4440 Multos
359 4366 581 4465 superbum
611 4362 760 4463 pressit
787 4359 950 4460 imperii
981 4359 1105 4433 decus

285 4470 349 4545 Ac
377 4471 543 4571 penitus
574 4473 673 4546 orbe
694 4468 870 4545 sustulit.
1315 4514 1342 4555 u
