3164 5154
698 237 903 292 SILVARUM

747 541 862 608 XXV.

393 775 587 852 LAUDIS
616 773 890 852 IMMODlCA
920 773 1223 852 CUPlDlTAS.

325 987 511 1063 Sextium
539 988 673 1062 laudis
703 987 888 1062 stimulat
917 986 1079 1087 cupido,
1283 1003 1331 1057 for.
1349 1005 1408 1058 162¹·

325 1093 404 1169 Ore
432 1093 609 1169 facundo
640 1101 765 1169 canat
791 1101 838 1168 ut
864 1101 1080 1193 tyrannos:

323 1201 512 1276 Nominis
540 1202 683 1300 magni
713 1201 839 1276 decus
867 1201 1099 1276 indevotis

433 1308 633 1383 Omnibus
661 1308 803 1383 ambit.

324 1499 485 1575 Anxius
515 1527 678 1602 sparsos
707 1501 910 1576 Helicone
938 1501 1058 1576 flores

325 1608 506 1707 Colligit,
538 1632 639 1707 quos
669 1608 840 1683 Castalii
867 1608 1047 1706 liquores

323 1715 504 1814 irrigant
532 1723 574 1790 et
602 1715 691 1813 quis
719 1721 905 1790 veterum
933 1714 1169 1791 redundant

433 1821 594 1896 Scrinia
623 1828 774 1910 vatum,

325 2019 437 2109 Quos
466 2018 542 2092 alit
569 2018 768 2092 Dircaeus
798 2018 886 2092 olor
912 2016 979 2091 vel
1006 2018 1115 2092 altus

324 2125 389 2198 Ilii
420 2123 595 2224 scriptor
622 2126 688 2200 vel
716 2148 893 2198 amoena
919 2148 1014 2198 rura

324 2232 522 2306 Mantuae
550 2233 617 2306 vel
645 2231 734 2331 quis
764 2229 981 2330 Sophoclis
1011 2231 1201 2306 cothurni

433 2337 566 2437 Saepe
595 2338 862 2437 triumphant.

324 2533 399 2606 Est
428 2558 530 2632 opus
558 2557 722 2621 vanum,
754 2533 871 2606 labor
899 2539 963 2606 est
989 2531 1142 2608 inanis:

324 2639 495 2739 Decipit
522 2638 649 2715 fallax
677 2639 847 2739 species,
877 2638 1015 2737 imago

324 2747 486 2823 Blanda
514 2747 722 2836 mentitur,
751 2745 900 2820 sterilis
928 2745 1117 2844 voluptas

432 2854 559 2928 Ludit
587 2859 628 2928 et
657 2854 811 2927 umbra.

324 3051 497 3146 Semper
525 3048 766 3122 inconstans
795 3047 1008 3123 hominum
1037 3046 1250 3122 voluntas:

324 3154 535 3230 Laudibus
563 3156 716 3229 tollunt
743 3155 866 3230 hodie
894 3179 1054 3255 poema,

323 3260 425 3336 Cras
454 3262 563 3335 idem
593 3267 802 3361 spernunt,
832 3263 1012 3337 tenebris
1043 3268 1085 3336 et
1114 3269 1206 3337 atro

433 3368 608 3443 Carcere
638 3368 847 3443 damnant.

327 3566 512 3641 Gloriam
542 3567 646 3641 caeli
674 3564 785 3665 prius
814 3573 938 3665 atque
967 3565 1168 3640 honorem

328 3672 462 3762 Quam
490 3679 608 3747 tuum
638 3697 828 3771 quaeras:
860 3674 984 3746 decus
1012 3671 1063 3764 id,
1094 3673 1204 3773 quod
1234 3669 1339 3747 orbis

327 3779 495 3854 Arbiter
522 3780 654 3854 iustus
683 3779 835 3869 tribuit,
864 3779 1034 3877 perenni

433 3888 547 3961 Luce
576 3886 764 3985 refulget.
