3164 5154
569 211 641 270 LIB.
660 211 711 266 VI.
730 213 811 266 3-5.

44 411 144 490 Illic
174 412 342 488 exhalat
368 417 509 511 gratos
537 411 717 510 Zephyri
745 409 926 510 tepentis
956 434 1057 484 aura

156 518 358 596 Animata
385 544 482 594 rosa
508 517 725 617 funditque
753 518 838 593 late
868 518 1025 592 odores.

45 627 127 720 Tu,
155 627 359 718 Narcisso,
390 625 518 701 etiam
545 626 668 701 rides:
696 649 774 699 neo
804 624 913 699 enim
941 624 1098 723 perisse
1127 623 1261 700 credis

160 733 402 809 Translatus
431 733 529 808 illuc
556 732 746 808 floridam
774 732 1006 805 iuventam.⁴
1293 764 1318 803 n

42 839 137 917 Nec
167 840 270 916 disci
286 841 408 931 lusus,
427 839 676 939 Hyacinthe,
698 837 842 937 gemis
873 837 1021 937 quibus
1040 843 1278 938 peremptus

154 947 297 1023 Laetis
325 947 369 1021 in
396 946 525 1022 hortis
553 946 765 1046 pulchrior
791 943 980 1043 refulges.

46 1053 278 1153 Omnigeni
306 1055 464 1154 spirant
490 1054 632 1128 flores:
663 1052 869 1142 lacrimae,
900 1051 1016 1126 dolor
1044 1051 1263 1145 recedunt;

155 1162 357 1236 Remotus
386 1167 450 1236 est
477 1161 622 1260 procul
651 1159 870 1258 Aquilonis
899 1158 1052 1235 horror.

44 1265 131 1343 Ast
158 1267 226 1343 hic
254 1267 426 1343 immitis
454 1267 609 1342 Boreas
639 1266 745 1342 solet
773 1266 954 1341 excitare
983 1290 1144 1365 pugnas

154 1376 210 1449 Et
236 1373 377 1474 gelida
406 1399 576 1474 campos
606 1372 793 1471 contegit
819 1373 988 1472 pruina;

46 1479 230 1556 Aestuat
258 1481 325 1556 hic
353 1482 534 1581 pelagus,
563 1480 731 1556 tumidis
761 1480 945 1579 agitatur
973 1504 998 1554 a
1025 1479 1219 1579 procellis

159 1588 485 1689 Glcmerantque
513 1591 643 1664 nubes
671 1586 857 1663 turbines
885 1610 1096 1687 procaces:
1292 1619 1318 1658 n

45 1695 157 1770 Heu!
187 1695 276 1794 quis
304 1721 371 1770 me
400 1695 548 1794 eripiet
576 1695 766 1794 caliginis
795 1693 982 1768 abditum
1010 1692 1191 1768 tenebris

135 1799 296 1904 ‘Atque
324 1802 367 1876 in
396 1802 579 1904 cupitam
608 1801 786 1902 patriam
815 1802 1015 1877 reducet?

668 2296 709 2360 V.

110 2514 304 2591 ΙΝΑΝΙΑ
333 2512 601 2589 PROMISSA
629 2511 1001 2589 NEGLEGENDA
1031 2510 1257 2588 POETAE.

207 2725 307 2815 Quis
335 2725 487 2800 blando
517 2726 700 2800 celebrat
729 2725 910 2800 carmine
937 2724 1125 2822 gloriam,
1168 2737 1219 2792 fol.
1240 2739 1309 2795 nor-

208 2832 360 2908 Censes
392 2857 442 2906 ex
470 2832 618 2908 merito
648 2857 770 2931 quam
798 2832 875 2907 tihi
905 2832 1088 2906 debitam

259 2940 394 3029 Falso,
423 2940 579 3039 Mopse,
610 2940 775 3013 labore?

315 3046 416 3137 Quis
444 3046 580 3120 verbis
609 3046 782 3120 adhibet
809 3048 962 3121 fidem?

205 3205 275 3280 An
303 3206 507 3306 promissa
535 3203 640 3280 feret
666 3206 852 3304 praemia
879 3206 1064 3295 Publius,

207 3313 313 3389 Cum
340 3337 565 3411 numquam
596 3313 756 3387 dederis
784 3338 956 3389 munera
983 3312 1154 3402 vatibus,

261 3418 373 3509 Quos
404 3419 622 3494 comoedia
648 3445 781 3519 nuper

312 3526 476 3625 Magnis
506 3527 622 3601 auxit
649 3526 897 3602 honoribus?

206 3687 444 3761 Mercedem
474 3686 665 3786 quotiens
693 3712 863 3785 poscere
893 3685 1067 3785 cogitur,

207 3793 284 3869 Oui
313 3800 475 3869 montes
504 3792 639 3868 fuerat
667 3793 855 3892 pollicita
883 3817 1029 3867 aureos
1081 3840 1088 3854 ·

260 3900 548 3976 inconstantia
575 3901 764 3991 mendax,

313 4007 416 4082 Post
443 4007 573 4082 tristis
601 4007 755 4108 repulit
782 4007 923 4082 furor?

204 4167 294 4241 Iam
324 4174 447 4241 notus
477 4167 576 4243 satis
606 4174 669 4242 est
696 4167 853 4266 ingenii
883 4175 1034 4267 stupor,

208 4274 284 4350 Oui
313 4281 502 4350 versutus
532 4275 657 4349 homo
688 4276 853 4349 credere
881 4276 941 4350 nil
969 4282 1104 4375 queat,

260 4381 329 4456 Nil
357 4381 537 4480 prudens
564 4382 666 4457 velit
693 4406 905 4480 umquam:

311 4488 436 4563 Haud
464 4488 598 4588 vulpis
628 4489 814 4588 capimur
843 4490 949 4564 dolo
