3164 5154
531 281 604 334 LlB.
623 279 675 334 XI.
694 282 810 336 25-28.

597 475 748 541 XXVII.

209 639 438 719 IGNAVIA
465 636 743 715 PERlCULlS
771 636 1135 716 EXCUTIENDA.

198 799 266 875 Sic
293 798 455 899 pigrum
487 804 630 898 torpor
655 799 807 874 retinet
835 797 1068 889 Cratonem,
1146 814 1194 867 for.
1217 816 1287 869 186¹·

200 909 256 985 Ut
284 931 431 981 manus
461 905 521 980 ori
548 913 676 1005 neget
703 907 936 998 admovere,

200 1013 262 1089 Sit
290 1012 374 1089 eibi
402 1012 588 1113 quamvis
617 1013 772 1106 avidus,
799 1012 963 1089 Falerni

303 1119 477 1195 Munera
503 1125 659 1220 poseat.

200 1279 343 1364 Utitur
370 1303 507 1354 secors
537 1304 661 1378 opera
690 1277 902 1368 Camillae,

201 1386 317 1476 Quae
346 1387 472 1485 dapes
501 1387 545 1460 in
571 1384 701 1460 frusta
730 1392 845 1462 secat
871 1385 1122 1475 ministrans

199 1493 413 1569 Nutritur
439 1492 557 1568 nidos
586 1500 751 1568 teneros
779 1493 970 1584 volucria,

305 1599 466 1675 Pabula
494 1599 637 1675 defert.

200 1759 343 1835 Fielus
372 1760 496 1835 istam
523 1759 741 1835 mollitiem
769 1760 970 1835 tumultus

200 1868 388 1964 Frangat
416 1872 458 1941 et
484 1867 661 1942 Martem
689 1865 855 1944 simulet
881 1867 1157 1968 propinquum

202 1973 427 2064 Moenibus,
456 1973 569 2047 nudo
599 1973 738 2072 gladio
767 1981 939 2074 penates

308 2079 427 2155 Miles
457 2083 632 2155 obeunt:

202 2238 377 2312 Deserat
404 2263 590 2313 mensam
617 2238 813 2338 trepidus,
844 2239 966 2314 eubili

206 2345 256 2418 In
283 2345 420 2418 locum
449 2350 586 2419 tutum
614 2345 747 2444 fugiet
774 2347 912 2422 citatis

206 2450 424 2526 Cressibus
452 2452 586 2543 velen,
616 2452 740 2527 timor
768 2452 896 2528 addet
923 2453 1023 2543 alae,

311 2558 441 2634 Crura
468 2559 678 2635 volabunt.

207 2717 275 2792 Sic
302 2719 412 2793 iners
441 2724 504 2793 est
533 2717 793 2793 discutienda
820 2719 917 2810 vita,

207 2825 349 2900 Otium
378 2824 539 2900 diversa
566 2826 722 2924 pericla
747 2831 959 2925 rumpant:

203 2931 267 3006 Ire
296 2957 376 3031 quo
407 2932 540 3007 diseat
567 2933 752 3031 pedibus,
783 2934 913 3009 labori

311 3039 495 3115 Subdere
523 3043 719 3115 membra.

598 3340 768 3406 XXVIII.

175 3498 223 3575 D.
252 3501 459 3580 PETRUS
487 3504 657 3580 RUPES
686 3504 756 3579 ET
783 3503 1198 3581 FUNDAMENTUll

531 3609 839 3688 ECCLESIAE.

206 3768 334 3843 Petra
362 3771 482 3845 nobis
510 3772 628 3846 firma
656 3773 814 3863 Petrus,
842 3770 1032 3844 columna
1157 3785 1205 3839 fol.
1227 3786 1299 3839 raur-

206 3877 395 3952 Numinis
423 3880 579 3977 templo
610 3877 779 3968 stabilis
808 3876 957 3976 quietis

210 3983 345 4059 Causa
373 4010 554 4076 securae,
588 3986 826 4084 superanda
853 3984 968 4058 nulle

313 4092 494 4166 Turbine
522 4117 678 4168 rerum:

208 4233 303 4308 Sive
331 4240 605 4334 prorumpant
632 4234 870 4308 Acheronte
901 4233 986 4307 dira

207 4342 394 4416 Monstra
422 4367 494 4417 seu
524 4342 675 4416 bellum
704 4347 901 4415 moveant
927 4341 1121 4439 gigantes

208 4448 302 4523 Sive
331 4455 585 4547 consurgant
612 4446 759 4522 tumidi
788 4448 963 4545 tyranni,

316 4555 467 4633 Omnia
495 4561 669 4630 vertant.
