3164 5154
523 259 597 315 LIB.
619 259 696 315 vm.
715 260 794 316 2-4.

182 461 246 535 'Pu
275 459 438 559 quidem
469 465 662 535 constans
691 457 819 532 animi
847 456 977 533 severi

182 567 345 642 Foedus
374 566 560 666 opponis,
589 565 744 640 violare
770 564 884 639 nulla

182 672 286 749 Arte
316 673 424 775 quod
452 671 612 774 possint
638 671 824 773 Paphiae
854 670 1041 769 sagittae,

289 779 465 880 Spicula,
493 780 694 854 flammas.

185 939 326 1017 Credis
354 939 453 1016 111116
481 945 523 1015 16
551 939 763 1038 virgineae
792 936 965 1014 cohorti:

182 1047 309 1122 Ludis
338 1052 381 1122 et
408 1052 532 1121 cantu
562 1046 743 1122 celebras
772 1069 951 1120 amorem

183 1152 321 1254 Atque
349 1153 519 1228 humum
547 1153 685 1252 pulsas
713 1152 886 1253 pedibus
914 1178 990 1227 nec
1020 1150 1101 1225 ullo

291 1258 479 1359 Capeus
507 1265 635 1335 aestu.

185 1418 244 1494 At
270 1418 376 1511 vide,
406 1445 458 1494 ne
488 1419 670 1520 decipiat
697 1419 871 1517 cupido:

183 1526 388 1601 Plurimos
416 1525 532 1601 flexit
559 1526 716 1625 species
744 1549 919 1601 amoena

186 1632 276 1708 Oris
305 1640 347 1708 et
374 1631 536 1732 fulgens
566 1631 693 1707 oculis
722 1633 874 1708 serenis

290 1740 423 1815 Dulce
451 1763 664 1815 venenum.

186 1899 327 1974 Robur
354 1897 514 1974 Alcidis
542 1898 690 1974 mulier
718 1898 892 1998 subegit,

186 2004 342 2080 Stravit
370 2011 412 2081 et
438 2030 610 2104 regnum
638 2005 794 2081 Priami
821 2011 1042 2081 vetustum:

185 2112 246 2188 Ne
275 2119 437 2213 premat
465 2113 602 2188 clades
632 2113 787 2200 eadem,
817 2112 1000 2214 relinque

292 2219 487 2294 Protinus
514 2219 666 2319 ignem.

612 2538 770 2547 *-

636 2820 695 2884 IV.

293 3034 612 3112 MODERATIO
642 3034 787 3112 ERGA
816 3034 1034 3112 SERVOS.

189 3246 336 3321 Servus
366 3271 426 3322 es:
455 3246 605 3322 servire
635 3248 766 3329 decet,
796 3247 893 3345 quid
923 3250 1068 3346 optas?
1136 3263 1272 3317 111141·

192 3354 391 3448 ,Serviam
420 3355 605 3452 gaudens
635 3355 802 3428 domino
832 3354 1031 3430 modesto.

191 3460 402 3559 Obsequar
429 3461 526 3559 regi,
555 3460 630 3535 sibi
661 3461 728 3559 qui
758 3461 961 3560 imperare

295 3568 465 3643 Noverit
493 3568 589 3667 ipse.

189 3726 337 3802 Nescio
365 3728 565 3802 mandata
592 3727 681 3826 pati
708 3727 883 3825 tyranni,

191 3832 269 3922 Qui
297 3833 403 3926 ferit,
432 3841 606 3934 torquet,
635 3843 757 3909 necat
783 3834 1037 3909 innocentes:

190 3940 242 4016 Se
272 3940 392 4014 deum
422 3950 573 4033 censet,
593 3942 707 4015 tenui
737 3943 932 4040 superbus

295 4048 431 4122 Iactat
457 4047 499 4121 in
529 4048 650 4123 aulaf

192 4204 270 4294 Qui
297 4206 420 4280 nimis
448 4213 602 4282 tractat
629 4206 804 4282 famulos
833 4233 983 4299 severe,

192 4312 428 4402 Quamlibet
455 4315 590 4389 labem
618 4313 775 4389 tumide
804 4315 950 4389 recidit

190 4413 298 4494 Ense
327 4421 391 4495 vel
419 4421 569 4519 flagris,
600 4420 748 4495 minuit
775 4420 903 4497 feroci

295 4528 435 4602 Mente
464 4533 647 4627 penates.
