3164 5154
500 240 574 296 LIB.
592 240 615 295 1.
635 242 751 299 11-13.

150 438 273 513 Nulla
302 465 395 514 oum
421 441 553 514 nubes
581 439 719 538 pluvio
747 441 909 540 nigrore

150 544 329 645 Asperat
357 546 528 621 caelum.
585 546 759 624 Modicia
786 548 979 624 renidens

150 652 349 728 Dentimn
378 652 564 728 claustris
594 656 693 728 ebur
721 663 763 730 et
791 656 983 730 decenter

256 760 414 836 Lactea
442 759 581 835 cervix

151 902 288 992 Ducit,
319 903 481 978 occulto
511 902 726 1002 chalybem
753 905 895 1005 vigore

152 1009 210 1087 Ut
235 1009 365 1084 trahit
392 1033 580 1109 magnes3
609 1011 767 1111 species
796 1037 995 1112 genarum

151 1115 298 1192 Allicit
325 1115 422 1205 visa,
450 1116 661 1217 abripiunt
688 1119 825 1219 capilli

256 1223 370 1297 Lene
398 1222 582 1299 fluentes.

152 1365 225 1440 Est
251 1370 398 1466 potens
426 1370 589 1440 nostros
619 1366 777 1442 animos
794 1392 971 1469 movere

151 1471 301 1547 Forma
329 1477 518 1570 spectata
546 1478 588 1547 et
613 1472 737 1548 radiis
764 1473 896 1565 ferire,

153 1577 320 1680 Spicula
348 1577 509 1652 ardenti
536 1578 664 1653 veluti
692 1581 884 1656 micantis

258 1683 440 1760 Aethere
469 1685 576 1760 solis.

153 1829 269 1903 Haec
297 1826 419 1901 nimis
447 1851 555 1902 vera.
612 1826 672 1903 At
698 1828 855 1904 tumide
884 1828 1062 1906 ferocem

152 1933 391 2035 Spernimus
419 1934 576 2008 vultum
605 1942 771 2011 tenerae
798 1937 969 2035 puellae,

152 2040 312 2117 Anulos
341 2035 487 2116 aureos
515 2040 614 2117 licet
640 2067 769 2142 usque
796 2042 926 2119 iactet

258 2147 423 2224 Vertice
450 2147 571 2222 flavo.

151 2291 316 2367 Indoles
344 2291 500 2366 nullam
528 2291 681 2366 retinet
709 2293 881 2392 superba

153 2398 352 2489 Gratiam,
384 2398 570 2496 quamvis
597 2398 704 2473 rosei
733 2399 903 2474 coloris:

155 2505 298 2582 Omnis
328 2504 436 2580 elato
466 2505 591 2580 decor
619 2512 662 2581 et
690 2505 837 2604 cupido

261 2611 436 2686 Pectore
466 2611 587 2687 cedit.

155 2752 264 2843 Quid
291 2757 459 2830 tamen?
487 2757 611 2829 robur
638 2753 717 2827 nisi
747 2752 923 2829 frontem
951 2754 1109 2830 honore

158 2859 310 2960 Cingat
337 2861 496 2951 illustri,
526 2860 647 2936 niveo
677 2861 842 2960 pudoris

154 2968 275 3060 Flore
305 2967 540 3058 circumdet,
572 2965 726 3065 Stygiis
754 2967 933 3043 tenebris

262 3073 413 3149 Libera
441 3100 557 3150 mens
587 3078 675 3149 est?

157 3214 278 3290 Clara
306 3241 399 3290 cum
427 3215 555 3291 virtus
586 3216 769 3290 animum
797 3216 961 3291 fidelem

155 3321 315 3421 Deligit
342 3347 549 3421 sponsum,
581 3323 658 3397 sibi
687 3322 822 3421 iungit
850 3322 931 3415 uni,

155 3427 426 3528 Splendidum
457 3428 603 3504 crescit
631 3429 749 3504 iubar
777 3437 819 3505 et
846 3431 1035 3506 modesta

264 3534 407 3612 Gloria
435 3536 575 3635 surgit.

590 3887 686 3952 XIII.

76 4028 479 4109 CONSCIENTIAE
508 4031 843 4111 INNOCENTIS
872 4032 1183 4112 SECURITAS.

158 4189 263 4266 Sunt
290 4215 434 4266 suaves
464 4192 620 4292 epulae,
650 4193 755 4284 Tite,
1123 4209 1172 4263 sor.
1192 4209 1249 4266 671·

264 4298 423 4372 Nullius
453 4300 616 4374 sceleris
645 4325 761 4375 mens
791 4300 868 4375 sibi
899 4301 1073 4376 conscia.

157 4404 360 4503 Ringatur
389 4404 533 4504 Stygio
562 4431 688 4505 specu

266 4511 409 4587 Crines
437 4512 661 4610 Tisiphone
691 4513 829 4590 cincta
857 4514 1114 4608 draconibus3
1248 4567 1262 4606 r

1115 4636 1167 4692 10*
