3164 5154
544 231 620 288 ΗΒ.
637 231 689 288 lv.
706 233 786 289 6-a

63 433 117 508 lit
144 455 343 507 vesanum
372 455 477 508 cane
504 430 621 531 peius
649 438 693 507 et
719 456 856 533 angue
883 439 1087 509 tumorem

123 538 243 613 Mens
272 543 415 615 tenero
442 538 540 638 igne
569 539 730 632 calens3

63 671 125 722 sm
154 671 232 721 nec
259 670 342 746 pax
368 669 447 721 neo
474 646 629 723 blanda
656 645 783 746 quies,
811 646 1036 724 concordia
1062 646 1187 739 nulla,

127 753 244 831 Uxor
270 753 340 828 ubi
369 751 552 852 erigitur.

581 962 741 970 ———--

614 1176 710 1243 VIII.

63 1340 338 1421 rUDIORUM
357 1340 627 1418 VARIETAS
653 1338 725 1415 ET
754 1336 1044 1416 CAELESTIS
1072 1339 1304 1420 PATRIAE

487 1463 833 1541 DESIDERIUM.

126 1627 368 1719 Fortunate,
397 1648 536 1700 meum
563 1623 815 1723 praesidium
843 1648 894 1699 ac
923 1624 1060 1716 decus,
1153 1638 1205 1697 fol.
1222 1642 1278 1698 stv-

128 1734 244 1825 Sunt,
274 1757 375 1832 quos
402 1730 596 1807 historias
624 1730 802 1806 scribere
831 1756 880 1806 eo
908 1730 1034 1824 iuvat,

127 1842 185 1919 Ut
211 1864 296 1915 non
324 1838 522 1938 ambigua
548 1837 770 1938 posteritas
797 1838 879 1912 fide

127 1947 341 2038 Addiscat
372 1944 470 2045 quid
497 1945 563 2021 avi
591 1952 779 2044 tempore
806 1945 1012 2043 gesserint

126 2055 292 2155 Elapso
321 2053 476 2128 fuerint
505 2076 610 2152 quae
638 2051 726 2127 fera
753 2050 910 2151 proelia

126 2163 181 2238 Et
208 2184 314 2261 quae
341 2159 540 2260 pacificae
567 2184 741 2234 munera
767 2158 960 2234 Palladis.

127 2270 288 2344 Heroas
317 2267 500 2342 celebres
528 2265 696 2342 ausibus
725 2265 861 2341 arduis

126 2376 273 2451 Plures
301 2374 355 2448 ad
383 2397 552 2473 superos
581 2372 743 2472 eloquio
774 2373 965 2465 evehunt,

129 2479 303 2558 Sublimi
332 2505 382 2557 ao
409 2479 554 2555 nitidis
583 2480 784 2555 sideribus
811 2480 962 2555 locant.

127 2588 220 2664 Miti
249 2587 417 2688 quidam
446 2585 574 2685 elegis
603 2586 772 2686 ingenio
800 2591 969 2662 vacant:

128 2694 296 2772 Deflent
322 2693 523 2769 nobilium
551 2691 697 2770 funera
725 2691 875 2768 civium

128 2802 215 2878 Aut
242 2802 391 2877 ludunt
418 2799 550 2877 avidis
578 2799 725 2876 lubrici
754 2798 974 2875 amoribus.

127 2908 355 2984 Nonnullos
385 2906 571 2983 citharae
598 2907 817 3008 pelliciunt
842 2907 957 3000 fides,

128 3015 240 3107 Quos
267 3015 385 3092 lauru
412 3013 533 3089 viridi
563 3015 728 3113 cingere
756 3020 943 3113 tempora

127 3123 333 3215 Delectat,
362 3121 500 3220 lyricis
529 3120 693 3197 vatibus
722 3120 860 3196 inseri.

128 3229 225 3306 Vixi
252 3228 500 3304 carminibus
527 3253 659 3329 nuper
685 3228 868 3319 idoneus,

127 3336 327 3412 Divorum
356 3359 589 3411 memorans
617 3335 816 3411 sollicitas
842 3334 956 3410 faces

126 3444 180 3520 Et
207 3467 368 3544 pugnas
397 3441 554 3535 dubias,
584 3442 756 3518 insidias
785 3441 925 3540 Stygis

126 3550 192 3626 Ac
220 3556 439 3641 tormenta,
471 3574 621 3640 cruces,
651 3574 750 3648 quas
779 3549 961 3624 tulerant
988 3548 1101 3648 prius

130 3657 264 3749 Quam
292 3656 396 3732 caeli
424 3656 545 3732 licuit
572 3656 768 3732 scandere
798 3654 988 3731 culmina.

126 3765 244 3840 Nunc
271 3762 417 3862 frango
438 3764 629 3850 calamos,
659 3762 793 3838 abicio
819 3763 981 3862 chelyn,

128 3871 285 3970 Sperne
313 3870 526 3945 Pieridum
555 3869 692 3945 dulcia
720 3870 891 3963 somnia,

127 3978 309 4069 Quarum
339 4002 406 4051 me
433 3976 626 4052 iuvenem
656 3977 834 4052 detinuit
859 3977 987 4076 lepos.

127 4084 289 4184 Quippe
317 4091 432 4160 aetas
460 4084 552 4159 aliis
580 4084 709 4159 serior
736 4083 900 4182 ignibus

127 4189 371 4267 Accendens
400 4190 584 4266 animum
613 4215 811 4290 quaerere
838 4215 905 4265 me
932 4190 1059 4281 iubet,

127 4297 249 4373 Nullo
278 4298 418 4373 clausa
445 4297 516 4373 ubi
545 4304 642 4373 sunt
668 4297 823 4397 gaudia
848 4297 1046 4373 termino:

127 4404 233 4480 Nam
262 4429 367 4504 quae
396 4405 572 4480 mundus
600 4405 740 4495 habet,
769 4429 889 4497 vana,
919 4404 1097 4502 fugacia.

128 4510 221 4588 Non
249 4513 330 4586 huc
357 4511 477 4587 Musa
503 4537 660 4612 procax
687 4518 891 4587 monstrat
917 4511 1006 4600 iter,
1037 4511 1150 4586 color
1261 4562 1288 4602 c
