3164 5154
186 237 246 295 128
743 230 905 287 EPODON

181 430 399 507 Promissis
428 454 512 504 non
541 436 654 505 stant
682 429 774 504 ullis
804 437 846 505 et
873 437 997 530 pacta
1023 429 1262 530 refringunt

287 538 438 629 Iurata‚
468 536 599 636 turpis
628 561 721 635 spes
749 536 820 611 ubi
849 535 1037 636 adfulget
1063 537 1179 614 lucri.

180 646 274 720 Heu
301 644 507 744 probitas!
538 645 632 718 Heu
659 642 794 743 prisca
820 644 944 718 fides!
975 645 1166 720 demersa
1193 645 1382 745 profundo

288 752 379 841 Quo
409 751 617 825 delitescis
646 774 823 848 aequore
852 758 926 827 aut
951 752 1111 826 tumulo
1141 753 1279 828 iaces?
1401 804 1418 844 u

184 859 218 934 O
248 865 446 959 quantum
476 857 614 957 potuit
643 858 851 932 Germana
877 858 1068 958 potentia
1095 859 1304 935 Thracum

286 965 445 1054 Delem,
475 965 519 1037 ni
547 970 708 1038 vetaret
735 964 928 1039 immanis
956 963 1078 1049 furor,

179 1072 231 1145 Ni
260 1096 334 1145 sua
362 1070 570 1146 saevirent
597 1070 726 1146 atroci
754 1071 796 1145 in
826 1071 985 1146 viscera
1012 1071 1131 1146 ferro.

287 1177 545 1253 Christiadae
575 1184 618 1252 et
646 1203 761 1252 arma
788 1178 946 1277 perfida
974 1185 1167 1276 gererent
1194 1187 1343 1254 manu!
1403 1229 1420 1269 e
1465 1242 1467 1261 .

179 1285 356 1383 Relligio
385 1285 556 1359 tandem
583 1285 727 1359 redeat
755 1284 894 1359 divina
923 1292 1142 1384 parentum

287 1392 336 1465 In
363 1391 540 1466 filiorum
568 1400 737 1491 pectora
766 1398 808 1466 et
836 1397 1031 1466 constans
1060 1417 1187 1468 amor.

180 1497 371 1573 Bistones
399 1501 589 1598 Europae
617 1500 825 1598 pellantur
852 1497 1002 1573 finibus
1031 1523 1123 1574 oras

286 1606 335 1679 Iu
364 1605 531 1679 ultimas
561 1605 688 1680 Asiae
715 1606 782 1678 vel
810 1603 1005 1680 Afrorum
1033 1605 1180 1680 sinum.
1405 1655 1423 1695 a

760 2080 873 2145 XVII.

414 2277 584 2354 BELLO
622 2276 858 2353 DELICTA
894 2277 1225 2356 PUNIUNTUR.

287 2490 512 2564 Pulchrum
541 2489 722 2563 duellum
752 2488 853 2562 dicis
882 2494 925 2562 et
951 2489 1129 2564 Martem
1156 2515 1285 2566 vocas
1310 2505 1357 2561 fot
1374 2507 1418 2561 ts-

285 2596 510 2671 Dominum
538 2601 763 2694 potentem,
794 2594 908 2670 cuius
938 2594 1105 2671 arbitrio
1134 2597 1293 2674 cadunt

285 2703 464 2802 Imperia
491 2703 557 2778 vel
586 2708 709 2793 stant,
740 2702 854 2776 cuius
884 2701 1030 2778 audaci
1058 2728 1184 2779 manu

286 2810 515 2910 Capiuntur
543 2834 671 2900 areca,
702 2808 867 2884 moenia
895 2816 938 2884 et
964 2815 1096 2884 turres
1126 2811 1289 2903 ducum,
1417 2862 1428 2900 4

285 2917 364 3007 Qui
392 2924 557 3017 sceptra
585 2917 719 2991 calcat
746 2915 920 3015 pedibus
951 2921 993 2989 et
1022 2915 1125 2992 solio
1156 2918 1272 2993 exuit

282 3023 418 3122 Reges
447 3023 665 3112 timendoa
694 3047 917 3122 purpuram
946 3023 1094 3098 sternit
1121 3025 1209 3099 solo

282 3130 424 3228 Magni
454 3136 633 3219 senatus,
665 3130 771 3205 eruit
798 3129 904 3203 ferro
935 3130 1089 3229 oppida

281 3237 335 3312 Et
361 3244 499 3312 vastat
527 3239 659 3327 urbes,
690 3237 821 3311 instar
849 3261 1042 3335 agrorum
1069 3234 1189 3335 piger
1418 3288 1429 3328 s

282 3344 340 3421 Ut
366 3346 440 3420 bos
470 3351 606 3420 aratro
636 3342 786 3417 civium
814 3342 939 3417 vertit
967 3343 1121 3418 domos.

280 3450 433 3525 Divina
463 3477 556 3526 cum
584 3450 770 3526 vindicta
797 3451 993 3526 mortales
1020 3449 1172 3550 premit

282 3557 513 3633 Commissa
540 3564 708 3657 propter
736 3557 890 3632 scelera
919 3562 961 3631 et
990 3564 1149 3632 atroces
1179 3556 1311 3651 dolce,

279 3664 411 3739 Mittit
439 3664 671 3740 ministrum
700 3671 912 3739 strenuum
941 3669 983 3738 et
1009 3663 1130 3763 punit
1155 3663 1286 3741 nefas.
1409 3715 1429 3756 ι,

279 3770 516 3846 Necessitas
547 3778 588 3846 et
617 3771 704 3846 dira
731 3777 965 3870 paupertas,
996 3769 1127 3845 fames

281 3877 448 3977 Stipant
477 3886 655 3970 euntem,
685 3878 892 3968 lacrimae,
923 3876 1114 3976 gernituS‚
1145 3876 1262 3952 dolor

280 3984 517 4082 Sequuntur
545 3992 668 4084 atque
699 3984 917 4060 criminum
946 3983 1113 4059 ultrices
1143 3984 1257 4060 deae.

281 4090 511 4168 Comitatus
540 4090 618 4167 iste
647 4091 842 4166 Martium
871 4093 995 4165 robur
1023 4091 1163 4166 decet:
1405 4139 1426 4180 a

278 4196 441 4273 Virtute
471 4198 619 4273 crescit
645 4199 827 4273 numinis
858 4206 901 4273 et
927 4204 1049 4297 urget
1076 4221 1179 4273 reos

277 4303 338 4379 At
364 4313 479 4380 verte
508 4304 661 4380 folium.
718 4304 927 4403 Numquid
956 4305 1139 4381 insontes
1182 4330 1344 4405 quoque

276 4411 426 4486 Misere
457 4412 744 4512 opprimuntur
772 4415 925 4512 saepe?
954 4438 1038 4488 non
1066 4411 1153 4487 fato
1181 4413 1272 4512 pari

277 4518 457 4594 Involvit
485 4520 631 4595 eadem
660 4523 879 4595 aerumna?
908 4544 993 4595 non
1022 4527 1181 4619 strages
1210 4520 1340 4611 metit,
1402 4565 1423 4603 ,ο
