3164 5154
594 243 669 300 LIB.
686 243 710 300 1.
729 245 844 302 29-31.

241 445 474 544 Argentum
504 449 546 519 et
574 468 718 518 amum
749 443 909 543 colligis
938 443 1059 518 anxie

242 552 518 650 Gemmasque
537 552 649 626 ane
678 549 841 625 divitias
868 551 1037 649 plagae:

296 657 405 749 Quid
431 659 582 758 glaeba
609 664 743 732 terrae
772 656 891 731 tilis?
927 657 1040 756 aegri

347 766 472 840 Forte
501 763 633 840 dolori
661 762 788 840 animi
818 763 1026 838 medetur?

241 961 391 1038 Lenire
418 985 527 1036 vana
556 958 698 1035 desine
726 958 908 1058 imagine

243 1068 388 1147 Cordis
417 1067 616 1166 querelas,
645 1066 790 1142 tollere
820 1066 971 1165 iurgia:

296 1176 529 1251 Thesaurus
557 1173 704 1272 ingens
731 1198 816 1248 non
843 1172 998 1249 levabit
1029 1238 1032 1242 1

349 1280 536 1356 Pectoris
565 1278 780 1377 ambiguos
809 1281 1020 1355 tumultus.

242 1475 394 1552 Mentis
422 1474 575 1550 relictis
605 1499 676 1550 cur
704 1475 848 1550 studiis
877 1500 974 1576 opes

243 1585 378 1659 Iactas
408 1584 577 1657 avarus?
607 1607 678 1656 cur
704 1581 838 1658 inhias
866 1583 988 1658 lucris

298 1689 526 1787 Servasque
555 1694 703 1778 custos
735 1714 860 1788 poma
888 1715 1054 1790 serpens

210 1894 213 1898 Δ
351 1795 627 1896 Hesperidum
655 1796 769 1870 velut
788 1821 913 1871 aurea
940 1797 1095 1872 hortis?

243 1993 405 2068 Pallere
435 1990 589 2066 chartis
619 1990 777 2066 dulcius
807 1991 982 2067 arbitror

246 2100 380 2192 Quam
409 2098 532 2174 corde
560 2104 763 2173 maestam
782 2096 886 2173 ferre
914 2098 1149 2198 cupidinem

298 2207 385 2282 Aut
414 2204 581 2280 concuti
611 2203 698 2279 diro
726 2229 890 2304 pavore,

354 2313 460 2389 Cum
487 2310 675 2387 tremulis
703 2310 844 2388 fremit
862 2336 962 2387 aura
988 2311 1120 2387 tectio.

246 2501 290 2577 Si
317 2502 404 2580 fata
431 2506 554 2580 nullis
581 2505 693 2582 flecti
721 2506 865 2607 opibus
895 2511 1059 2606 queunt,

247 2608 289 2685 Si
317 2611 436 2688 triste
463 2613 593 2688 letum
622 2612 774 2687 ditibus
803 2611 992 2687 imminet

298 2717 444 2818 Aeque
473 2725 597 2818 atque
627 2719 779 2819 egenis,
809 2727 919 2795 terra
946 2718 980 2792 si
1009 2742 1150 2794 omnes

354 2825 539 2901 Devorat
568 2851 616 2901 ao
643 2825 799 2924 gremio
828 2825 1036 2902 recondit:

247 3017 356 3108 Quid
383 3045 487 3119 gaza
514 3021 683 3121 prodest
710 3021 860 3121 quidve
886 3021 1073 3122 pecunia,

247 3124 446 3215 Quaesita
473 3127 602 3202 tantis
630 3134 728 3203 ante
756 3129 992 3204 laboribus?

299 3231 469 3309 Ridebit
495 3234 614 3311 heres
645 3241 687 3310 et
714 3234 906 3310 micantis

356 3339 410 3416 Se
440 3341 604 3415 cumulo
635 3341 805 3416 satiabit
832 3341 938 3418 auri:

246 3534 310 3607 Tu
338 3533 455 3610 flebis
483 3535 603 3610 undis
633 3561 655 3611 e
684 3536 839 3636 Stygiis
867 3537 1000 3626 miser,

247 3641 474 3738 Torquebit
502 3648 620 3719 atrox
648 3668 783 3742 poena
807 3644 970 3720 avidam
999 3643 1120 3718 sitim.

301 3745 404 3847 Spes
431 3749 547 3824 nulla
576 3749 813 3827 discedendi
841 3754 892 3825 ab
923 3750 1044 3825 Orco:

356 3853 492 3931 Causa
519 3861 616 3932 tuae
645 3864 789 3956 pereat
815 3857 970 3932 ruinae.
