3164 5154
535 263 610 318 LIB.
628 263 652 319 I.
672 264 787 320 13—15.

179 464 283 540 Cum
310 464 424 538 labes
453 463 618 538 stimulo
647 462 806 539 lubrica
833 470 875 538 te
904 461 1010 539 fodit

177 570 316 672 Atque
345 577 466 668 urget
492 569 653 645 miseris
682 570 807 645 corda
834 568 1047 661 furoribus,

231 675 352 767 Quod
380 677 433 752 sis
460 677 610 752 nobilis
639 684 739 769 ortu,

283 784 404 859 Hanc
432 781 562 860 fastus
589 783 732 883 procul
762 790 912 859 arceat.

177 944 380 1021 Iracunda
407 942 522 1019 ferox
549 943 707 1044 proelia
734 943 831 1018 dum
860 949 1001 1018 movet

178 1050 385 1127 Commoti
413 1051 547 1126 rabies
575 1051 755 1150 pectoris
782 1058 824 1126 et
851 1050 1001 1149 flagrat

229 1158 382 1233 Mentis
411 1157 501 1233 dira
527 1157 656 1234 libido

283 1264 457 1341 Hostem
487 1269 666 1339 sternere
697 1264 902 1356 caedibus,

177 1423 328 1500 Ardori
356 1423 503 1500 iniciat
530 1423 647 1499 frena
674 1430 830 1500 tumor:
861 1430 1002 1523 petam

178 1530 416 1607 Vindictam
445 1556 470 1606 a
496 1531 642 1630 pueris,
671 1532 740 1630 qui
770 1531 872 1605 mihi
900 1555 985 1605 non
1012 1536 1159 1630 pares?

230 1638 324 1712 Non
353 1637 410 1712 sic
437 1637 499 1713 ira
525 1637 670 1730 leonis,

283 1744 416 1821 Victis
444 1769 612 1845 parcere
642 1768 746 1844 quae
776 1745 891 1820 solet.

177 1906 339 2004 Hospes
370 1905 465 1980 dum
495 1904 654 2002 cyathis
683 1904 865 2005 pluribus
895 1904 1054 1995 incitat,

178 2011 334 2087 Bacchi
363 2011 462 2087 flore
492 2013 601 2087 calet
630 2012 728 2086 dum
757 2018 884 2112 caput
913 2011 1081 2102 ebrium,

230 2120 379 2194 Faetus
409 2143 568 2193 sumere
596 2120 744 2217 plures,

283 2226 343 2301 Ne
371 2225 521 2318 labare,
550 2232 663 2300 vetet
691 2225 878 2325 scyphos.

613 2843 692 2908 XV.

266 3040 453 3120 nouus
483 3041 682 3143 ualens
711 3040 1044 3118 servastus,

178 3256 239 3331 Ne
268 3280 514 3354 quemquam
541 3254 713 3329 nimium
740 3254 840 3330 tolle
858 3255 924 3330 vel
943 3279 1080 3353 argue,
1145 3269 1194 3321 fol.
1214 3270 1270 3324 fisi·

177 3362 363 3438 Incertus
393 3361 586 3461 quoniam
615 3362 706 3436 finis
736 3368 778 3436 et
806 3361 942 3437 arduis

177 3469 227 3544 In
255 3472 374 3544 rebus
403 3469 566 3568 sapiens
595 3475 636 3544 te
665 3467 868 3543 monitum
896 3475 1028 3567 regat:

283 3577 357 3650 Est
385 3582 476 3650 tuta
503 3575 546 3650 in
574 3576 709 3650 medio
738 3575 816 3650 via.
1269 3628 1282 3667 4

177 3733 341 3810 Annaei
371 3735 542 3810 celebris
570 3735 757 3810 laudibus
791 3743 854 3810 est
880 3736 987 3811 Nero

177 3841 327 3917 Primis
356 3842 516 3942 imperii
544 3842 807 3942 temporibus,
836 3842 895 3917 rei

179 3948 298 4038 Quod
326 3950 487 4025 firmare
516 3949 609 4025 stilo
639 3955 681 4024 et
709 3948 859 4024 iudicio
889 3974 960 4023 suo

283 4055 423 4131 Nollet
449 4055 694 4155 supplicium
719 4056 844 4130 necis.

180 4212 353 4304 Quantis
383 4215 425 4289 in
452 4216 649 4315 populum
679 4215 855 4314 denique
885 4214 1068 4290 cladibus

176 4323 231 4397 Et
259 4347 438 4397 summos
467 4348 654 4422 proceres
684 4323 830 4397 saeiiit
856 4321 1028 4421 impius?

177 4428 300 4503 Morti
331 4429 429 4528 quin
458 4429 592 4519 etiam,
621 4453 726 4528 quae
755 4428 925 4529 peperit,
957 4429 1070 4503 dedit

283 4535 474 4635 Misitque
503 4536 555 4611 ad
584 4535 749 4635 Stygios
777 4536 900 4610 lacus.
